Date,Country,Distributor,Brand,Operator,Unit Cost,Amount,Unit Price,Sales
5/24/2018,Colombia,Metro,Apple,Tuenti,750,89,1200,106800
5/31/2020,El Salvador,Saga Falabella,Apple,Tuenti,750,34,1200,40800
8/30/2021,Switzerland,Metro,Apple,Tuenti,750,18,1200,21600
8/3/2021,Mexico,Oeschle,Apple,Tuenti,750,129,1200,154800
3/21/2018,Paraguay,Ripley,Apple,Tuenti,750,95,1200,114000
1/21/2018,Cuba,Ripley,Apple,Tuenti,750,25,1200,30000
4/3/2021,Cuba,Ripley,Apple,Tuenti,750,19,1200,22800
10/31/2020,Jamaica,Oeschle,Apple,Tuenti,750,50,1200,60000
9/19/2019,USA,Saga Falabella,Apple,Tuenti,750,16,1200,19200
6/8/2019,El Salvador,Metro,Apple,Tuenti,750,15,1200,18000
10/14/2021,USA,Plaza Vea,Apple,Tuenti,750,185,1200,222000
5/9/2021,USA,Metro,Apple,Tuenti,750,89,1200,106800
7/6/2019,Colombia,Tottus,Apple,Tuenti,750,250,1200,300000
6/3/2020,Cuba,Plaza Vea,Apple,Tuenti,750,94,1200,112800
12/3/2021,Ireland,Oeschle,Apple,Tuenti,750,31,1200,37200
2/21/2020,Cuba,Saga Falabella,Apple,Tuenti,750,39,1200,46800
2/23/2021,Chile,Ripley,Apple,Tuenti,750,60,1200,72000
9/6/2019,Spain,Plaza Vea,Apple,Tuenti,750,166,1200,199200
12/22/2018,Germany,Tottus,Apple,Tuenti,750,130,1200,156000
5/13/2018,Cuba,Oeschle,Apple,Tuenti,750,57,1200,68400
7/26/2019,Denmark,Saga Falabella,Apple,Tuenti,750,16,1200,19200
1/31/2020,Denmark,Plaza Vea,Apple,Tuenti,750,69,1200,82800
7/30/2021,Colombia,Oeschle,Apple,Tuenti,750,157,1200,188400
11/9/2019,Uruguay,Ripley,Apple,Tuenti,750,53,1200,63600
6/12/2021,El Salvador,Metro,Apple,Tuenti,750,138,1200,165600
5/27/2021,Venezuela,Metro,Apple,Tuenti,750,92,1200,110400
6/19/2018,Portugal,Metro,Apple,Tuenti,750,135,1200,162000
9/13/2018,Switzerland,Plaza Vea,Apple,Tuenti,750,176,1200,211200
1/1/2019,Denmark,Oeschle,Apple,Tuenti,750,105,1200,126000
1/8/2019,Brasil,Plaza Vea,Apple,Tuenti,750,153,1200,183600
6/27/2018,Brasil,Metro,Apple,Tuenti,750,86,1200,103200
3/27/2018,El Salvador,Oeschle,Apple,Tuenti,750,126,1200,151200
10/28/2020,Germany,Tottus,Apple,Tuenti,750,64,1200,76800
12/23/2021,Jamaica,Saga Falabella,Apple,Tuenti,750,5,1200,6000
4/4/2021,Portugal,Metro,Apple,Tuenti,750,134,1200,160800
8/5/2018,Switzerland,Plaza Vea,Apple,Tuenti,750,54,1200,64800
4/28/2021,Guatemala,Metro,Apple,Tuenti,750,9,1200,10800
12/22/2021,Spain,Ripley,Apple,Tuenti,750,48,1200,57600
4/24/2018,Canada,Metro,Apple,Tuenti,750,91,1200,109200
11/13/2021,Bolivia,Saga Falabella,Apple,Tuenti,750,32,1200,38400
4/26/2018,Cuba,Ripley,Apple,Tuenti,750,85,1200,102000
3/18/2018,Denmark,Ripley,Apple,Tuenti,750,64,1200,76800
12/9/2021,El Salvador,Saga Falabella,Apple,Tuenti,750,23,1200,27600
5/31/2018,Brasil,Metro,Apple,Tuenti,750,55,1200,66000
1/17/2018,USA,Oeschle,Apple,Tuenti,750,230,1200,276000
11/18/2021,Venezuela,Metro,Apple,Tuenti,750,98,1200,117600
6/25/2019,Uruguay,Metro,Apple,Tuenti,750,38,1200,45600
1/4/2020,United Kingdom,Tottus,Apple,Tuenti,750,114,1200,136800
10/11/2019,El Salvador,Saga Falabella,Apple,Tuenti,750,24,1200,28800
2/11/2019,Portugal,Ripley,Apple,Tuenti,750,39,1200,46800
7/23/2020,Paraguay,Tottus,Apple,Tuenti,750,6,1200,7200
9/27/2018,Switzerland,Ripley,Apple,Tuenti,750,47,1200,56400
10/22/2021,Germany,Ripley,Apple,Tuenti,750,89,1200,106800
9/1/2019,Colombia,Tottus,Apple,Tuenti,750,245,1200,294000
5/11/2019,Denmark,Plaza Vea,Apple,Tuenti,750,109,1200,130800
10/31/2018,Chile,Ripley,Apple,Tuenti,750,98,1200,117600
9/30/2019,Brasil,Tottus,Apple,Tuenti,750,280,1200,336000
10/10/2021,Germany,Oeschle,Apple,Tuenti,750,187,1200,224400
6/9/2018,El Salvador,Ripley,Apple,Tuenti,750,86,1200,103200
5/24/2018,Colombia,Metro,Apple,Tuenti,750,89,1200,106800
5/31/2020,El Salvador,Saga Falabella,Apple,Tuenti,750,34,1200,40800
8/30/2021,Switzerland,Metro,Apple,Tuenti,750,18,1200,21600
8/3/2021,Mexico,Oeschle,Apple,Tuenti,750,129,1200,154800
3/21/2018,Paraguay,Ripley,Apple,Tuenti,750,95,1200,114000
1/21/2018,Cuba,Ripley,Apple,Tuenti,750,25,1200,30000
4/3/2021,Cuba,Ripley,Apple,Tuenti,750,19,1200,22800
10/31/2020,Jamaica,Oeschle,Apple,Tuenti,750,50,1200,60000
9/19/2019,USA,Saga Falabella,Apple,Tuenti,750,16,1200,19200
6/8/2019,El Salvador,Metro,Apple,Tuenti,750,15,1200,18000
10/14/2021,USA,Plaza Vea,Apple,Tuenti,750,185,1200,222000
5/9/2021,USA,Metro,Apple,Tuenti,750,89,1200,106800
7/6/2019,Colombia,Tottus,Apple,Tuenti,750,250,1200,300000
6/3/2020,Cuba,Plaza Vea,Apple,Tuenti,750,94,1200,112800
12/3/2021,Ireland,Oeschle,Apple,Tuenti,750,31,1200,37200
2/21/2020,Cuba,Saga Falabella,Apple,Tuenti,750,39,1200,46800
2/23/2021,Chile,Ripley,Apple,Tuenti,750,60,1200,72000
9/6/2019,Spain,Plaza Vea,Apple,Tuenti,750,166,1200,199200
12/22/2018,Germany,Tottus,Apple,Tuenti,750,130,1200,156000
5/13/2018,Cuba,Oeschle,Apple,Tuenti,750,57,1200,68400
7/26/2019,Denmark,Saga Falabella,Apple,Tuenti,750,16,1200,19200
1/31/2020,Denmark,Plaza Vea,Apple,Tuenti,750,69,1200,82800
7/30/2021,Colombia,Oeschle,Apple,Tuenti,750,157,1200,188400
11/9/2019,Uruguay,Ripley,Apple,Tuenti,750,53,1200,63600
6/12/2021,El Salvador,Metro,Apple,Tuenti,750,138,1200,165600
5/27/2021,Venezuela,Metro,Apple,Tuenti,750,92,1200,110400
6/19/2018,Portugal,Metro,Apple,Tuenti,750,135,1200,162000
9/13/2018,Switzerland,Plaza Vea,Apple,Tuenti,750,176,1200,211200
1/1/2019,Denmark,Oeschle,Apple,Tuenti,750,105,1200,126000
1/8/2019,Brasil,Plaza Vea,Apple,Tuenti,750,153,1200,183600
6/27/2018,Brasil,Metro,Apple,Tuenti,750,86,1200,103200
3/27/2018,El Salvador,Oeschle,Apple,Tuenti,750,126,1200,151200
10/28/2020,Germany,Tottus,Apple,Tuenti,750,64,1200,76800
12/23/2021,Jamaica,Saga Falabella,Apple,Tuenti,750,5,1200,6000
4/4/2021,Portugal,Metro,Apple,Tuenti,750,134,1200,160800
8/5/2018,Switzerland,Plaza Vea,Apple,Tuenti,750,54,1200,64800
4/28/2021,Guatemala,Metro,Apple,Tuenti,750,9,1200,10800
12/22/2021,Spain,Ripley,Apple,Tuenti,750,48,1200,57600
4/24/2018,Canada,Metro,Apple,Tuenti,750,91,1200,109200
11/13/2021,Bolivia,Saga Falabella,Apple,Tuenti,750,32,1200,38400
4/26/2018,Cuba,Ripley,Apple,Tuenti,750,85,1200,102000
3/18/2018,Denmark,Ripley,Apple,Tuenti,750,64,1200,76800
12/9/2021,El Salvador,Saga Falabella,Apple,Tuenti,750,23,1200,27600
5/31/2018,Brasil,Metro,Apple,Tuenti,750,55,1200,66000
1/17/2018,USA,Oeschle,Apple,Tuenti,750,230,1200,276000
11/18/2021,Venezuela,Metro,Apple,Tuenti,750,98,1200,117600
6/25/2019,Uruguay,Metro,Apple,Tuenti,750,38,1200,45600
1/4/2020,United Kingdom,Tottus,Apple,Tuenti,750,114,1200,136800
10/11/2019,El Salvador,Saga Falabella,Apple,Tuenti,750,24,1200,28800
2/11/2019,Portugal,Ripley,Apple,Tuenti,750,39,1200,46800
7/23/2020,Paraguay,Tottus,Apple,Tuenti,750,6,1200,7200
9/27/2018,Switzerland,Ripley,Apple,Tuenti,750,47,1200,56400
10/22/2021,Germany,Ripley,Apple,Tuenti,750,89,1200,106800
9/1/2019,Colombia,Tottus,Apple,Tuenti,750,245,1200,294000
5/11/2019,Denmark,Plaza Vea,Apple,Tuenti,750,109,1200,130800
10/31/2018,Chile,Ripley,Apple,Tuenti,750,98,1200,117600
9/30/2019,Brasil,Tottus,Apple,Tuenti,750,280,1200,336000
10/10/2021,Germany,Oeschle,Apple,Tuenti,750,187,1200,224400
6/9/2018,El Salvador,Ripley,Apple,Tuenti,750,86,1200,103200
1/22/2021,Portugal,Ripley,Apple,Bitel,750,7,1200,8400
8/14/2021,Mexico,Oeschle,Apple,Bitel,750,114,1200,136800
11/20/2020,Paraguay,Ripley,Apple,Bitel,750,57,1200,68400
10/13/2021,Venezuela,Oeschle,Apple,Bitel,750,66,1200,79200
8/22/2020,Germany,Saga Falabella,Apple,Bitel,750,20,1200,24000
3/17/2018,El Salvador,Plaza Vea,Apple,Bitel,750,14,1200,16800
12/19/2020,USA,Plaza Vea,Apple,Bitel,750,10,1200,12000
2/24/2021,Brasil,Oeschle,Apple,Bitel,750,8,1200,9600
2/13/2019,Paraguay,Plaza Vea,Apple,Bitel,750,50,1200,60000
12/22/2018,Guatemala,Plaza Vea,Apple,Bitel,750,60,1200,72000
1/7/2019,Germany,Tottus,Apple,Bitel,750,36,1200,43200
9/23/2018,Canada,Ripley,Apple,Bitel,750,44,1200,52800
11/24/2021,Paraguay,Tottus,Apple,Bitel,750,151,1200,181200
10/31/2020,Ireland,Ripley,Apple,Bitel,750,49,1200,58800
7/20/2020,Spain,Metro,Apple,Bitel,750,81,1200,97200
5/12/2021,Germany,Metro,Apple,Bitel,750,63,1200,75600
4/21/2018,Peru,Plaza Vea,Apple,Bitel,750,39,1200,46800
6/29/2020,Denmark,Oeschle,Apple,Bitel,750,103,1200,123600
8/7/2021,Paraguay,Metro,Apple,Bitel,750,75,1200,90000
10/22/2021,Denmark,Plaza Vea,Apple,Bitel,750,15,1200,18000
9/20/2018,Argentina,Tottus,Apple,Bitel,750,161,1200,193200
9/3/2021,Peru,Plaza Vea,Apple,Bitel,750,27,1200,32400
5/18/2020,Jamaica,Metro,Apple,Bitel,750,56,1200,67200
11/4/2020,Jamaica,Plaza Vea,Apple,Bitel,750,93,1200,111600
2/16/2021,United Kingdom,Ripley,Apple,Bitel,750,44,1200,52800
6/26/2021,Ireland,Ripley,Apple,Bitel,750,3,1200,3600
9/23/2021,Venezuela,Ripley,Apple,Bitel,750,51,1200,61200
5/13/2018,Argentina,Ripley,Apple,Bitel,750,22,1200,26400
9/1/2021,Ireland,Saga Falabella,Apple,Bitel,750,16,1200,19200
2/5/2019,France,Oeschle,Apple,Bitel,750,117,1200,140400
1/10/2021,Jamaica,Saga Falabella,Apple,Bitel,750,1,1200,1200
10/20/2018,Spain,Plaza Vea,Apple,Bitel,750,73,1200,87600
5/14/2019,Canada,Ripley,Apple,Bitel,750,55,1200,66000
3/28/2020,Brasil,Ripley,Apple,Bitel,750,28,1200,33600
5/17/2020,France,Saga Falabella,Apple,Bitel,750,3,1200,3600
2/26/2019,Peru,Ripley,Apple,Bitel,750,27,1200,32400
4/15/2020,Ireland,Saga Falabella,Apple,Bitel,750,14,1200,16800
12/23/2019,Chile,Ripley,Apple,Bitel,750,14,1200,16800
7/7/2019,Mexico,Saga Falabella,Apple,Bitel,750,16,1200,19200
12/18/2019,United Kingdom,Tottus,Apple,Bitel,750,131,1200,157200
11/14/2021,Bolivia,Ripley,Apple,Bitel,750,22,1200,26400
10/5/2020,El Salvador,Ripley,Apple,Bitel,750,1,1200,1200
11/12/2021,Canada,Saga Falabella,Apple,Bitel,750,7,1200,8400
1/3/2020,Germany,Metro,Apple,Bitel,750,87,1200,104400
7/7/2019,Switzerland,Plaza Vea,Apple,Bitel,750,23,1200,27600
3/15/2021,Mexico,Saga Falabella,Apple,Bitel,750,14,1200,16800
12/8/2021,Jamaica,Oeschle,Apple,Bitel,750,14,1200,16800
10/20/2021,Argentina,Saga Falabella,Apple,Bitel,750,11,1200,13200
1/18/2018,Uruguay,Oeschle,Apple,Bitel,750,68,1200,81600
7/9/2019,Spain,Saga Falabella,Apple,Bitel,750,1,1200,1200
10/1/2018,Venezuela,Tottus,Apple,Bitel,750,66,1200,79200
1/22/2021,Portugal,Ripley,Apple,Bitel,750,7,1200,8400
8/14/2021,Mexico,Oeschle,Apple,Bitel,750,114,1200,136800
11/20/2020,Paraguay,Ripley,Apple,Bitel,750,57,1200,68400
10/13/2021,Venezuela,Oeschle,Apple,Bitel,750,66,1200,79200
8/22/2020,Germany,Saga Falabella,Apple,Bitel,750,20,1200,24000
3/17/2018,El Salvador,Plaza Vea,Apple,Bitel,750,14,1200,16800
12/19/2020,USA,Plaza Vea,Apple,Bitel,750,10,1200,12000
2/24/2021,Brasil,Oeschle,Apple,Bitel,750,8,1200,9600
2/13/2019,Paraguay,Plaza Vea,Apple,Bitel,750,50,1200,60000
12/22/2018,Guatemala,Plaza Vea,Apple,Bitel,750,60,1200,72000
1/7/2019,Germany,Tottus,Apple,Bitel,750,36,1200,43200
9/23/2018,Canada,Ripley,Apple,Bitel,750,44,1200,52800
11/24/2021,Paraguay,Tottus,Apple,Bitel,750,151,1200,181200
10/31/2020,Ireland,Ripley,Apple,Bitel,750,49,1200,58800
7/20/2020,Spain,Metro,Apple,Bitel,750,81,1200,97200
5/12/2021,Germany,Metro,Apple,Bitel,750,63,1200,75600
4/21/2018,Peru,Plaza Vea,Apple,Bitel,750,39,1200,46800
6/29/2020,Denmark,Oeschle,Apple,Bitel,750,103,1200,123600
8/7/2021,Paraguay,Metro,Apple,Bitel,750,75,1200,90000
10/22/2021,Denmark,Plaza Vea,Apple,Bitel,750,15,1200,18000
9/20/2018,Argentina,Tottus,Apple,Bitel,750,161,1200,193200
9/3/2021,Peru,Plaza Vea,Apple,Bitel,750,27,1200,32400
5/18/2020,Jamaica,Metro,Apple,Bitel,750,56,1200,67200
11/4/2020,Jamaica,Plaza Vea,Apple,Bitel,750,93,1200,111600
2/16/2021,United Kingdom,Ripley,Apple,Bitel,750,44,1200,52800
6/26/2021,Ireland,Ripley,Apple,Bitel,750,3,1200,3600
9/23/2021,Venezuela,Ripley,Apple,Bitel,750,51,1200,61200
5/13/2018,Argentina,Ripley,Apple,Bitel,750,22,1200,26400
9/1/2021,Ireland,Saga Falabella,Apple,Bitel,750,16,1200,19200
2/5/2019,France,Oeschle,Apple,Bitel,750,117,1200,140400
1/10/2021,Jamaica,Saga Falabella,Apple,Bitel,750,1,1200,1200
10/20/2018,Spain,Plaza Vea,Apple,Bitel,750,73,1200,87600
5/14/2019,Canada,Ripley,Apple,Bitel,750,55,1200,66000
3/28/2020,Brasil,Ripley,Apple,Bitel,750,28,1200,33600
5/17/2020,France,Saga Falabella,Apple,Bitel,750,3,1200,3600
2/26/2019,Peru,Ripley,Apple,Bitel,750,27,1200,32400
4/15/2020,Ireland,Saga Falabella,Apple,Bitel,750,14,1200,16800
12/23/2019,Chile,Ripley,Apple,Bitel,750,14,1200,16800
7/7/2019,Mexico,Saga Falabella,Apple,Bitel,750,16,1200,19200
12/18/2019,United Kingdom,Tottus,Apple,Bitel,750,131,1200,157200
11/14/2021,Bolivia,Ripley,Apple,Bitel,750,22,1200,26400
10/5/2020,El Salvador,Ripley,Apple,Bitel,750,1,1200,1200
11/12/2021,Canada,Saga Falabella,Apple,Bitel,750,7,1200,8400
1/3/2020,Germany,Metro,Apple,Bitel,750,87,1200,104400
7/7/2019,Switzerland,Plaza Vea,Apple,Bitel,750,23,1200,27600
3/15/2021,Mexico,Saga Falabella,Apple,Bitel,750,14,1200,16800
12/8/2021,Jamaica,Oeschle,Apple,Bitel,750,14,1200,16800
10/20/2021,Argentina,Saga Falabella,Apple,Bitel,750,11,1200,13200
1/18/2018,Uruguay,Oeschle,Apple,Bitel,750,68,1200,81600
7/9/2019,Spain,Saga Falabella,Apple,Bitel,750,1,1200,1200
10/1/2018,Venezuela,Tottus,Apple,Bitel,750,66,1200,79200
10/11/2021,Argentina,Plaza Vea,Apple,Claro,750,70,1200,84000
3/20/2021,Colombia,Ripley,Apple,Claro,750,17,1200,20400
1/22/2018,Argentina,Saga Falabella,Apple,Claro,750,18,1200,21600
4/25/2019,Bolivia,Metro,Apple,Claro,750,56,1200,67200
1/23/2021,Jamaica,Ripley,Apple,Claro,750,5,1200,6000
8/10/2018,Brasil,Saga Falabella,Apple,Claro,750,6,1200,7200
11/12/2020,Venezuela,Saga Falabella,Apple,Claro,750,12,1200,14400
11/16/2018,Canada,Saga Falabella,Apple,Claro,750,17,1200,20400
6/21/2020,Colombia,Plaza Vea,Apple,Claro,750,40,1200,48000
8/13/2021,Guatemala,Saga Falabella,Apple,Claro,750,14,1200,16800
1/18/2021,Switzerland,Tottus,Apple,Claro,750,74,1200,88800
11/2/2019,Paraguay,Metro,Apple,Claro,750,19,1200,22800
12/4/2019,USA,Saga Falabella,Apple,Claro,750,18,1200,21600
9/19/2019,Argentina,Plaza Vea,Apple,Claro,750,48,1200,57600
8/14/2020,Brasil,Ripley,Apple,Claro,750,17,1200,20400
11/15/2018,Switzerland,Ripley,Apple,Claro,750,21,1200,25200
4/26/2019,Chile,Metro,Apple,Claro,750,9,1200,10800
10/22/2021,Jamaica,Oeschle,Apple,Claro,750,42,1200,50400
3/21/2018,Brasil,Ripley,Apple,Claro,750,17,1200,20400
10/31/2018,Venezuela,Ripley,Apple,Claro,750,28,1200,33600
7/21/2019,Denmark,Tottus,Apple,Claro,750,3,1200,3600
3/15/2020,El Salvador,Tottus,Apple,Claro,750,102,1200,122400
8/22/2019,Cuba,Oeschle,Apple,Claro,750,48,1200,57600
6/1/2018,Venezuela,Ripley,Apple,Claro,750,13,1200,15600
10/20/2020,Spain,Ripley,Apple,Claro,750,5,1200,6000
4/21/2021,Canada,Tottus,Apple,Claro,750,85,1200,102000
12/26/2019,Chile,Plaza Vea,Apple,Claro,750,52,1200,62400
6/23/2018,Brasil,Saga Falabella,Apple,Claro,750,18,1200,21600
5/14/2019,Spain,Plaza Vea,Apple,Claro,750,4,1200,4800
11/1/2020,Chile,Tottus,Apple,Claro,750,107,1200,128400
2/16/2021,El Salvador,Oeschle,Apple,Claro,750,70,1200,84000
5/22/2018,Peru,Plaza Vea,Apple,Claro,750,40,1200,48000
6/16/2018,Cuba,Oeschle,Apple,Claro,750,53,1200,63600
5/12/2019,El Salvador,Oeschle,Apple,Claro,750,67,1200,80400
9/18/2020,Cuba,Ripley,Apple,Claro,750,34,1200,40800
1/25/2021,Chile,Oeschle,Apple,Claro,750,75,1200,90000
3/17/2021,Germany,Ripley,Apple,Claro,750,28,1200,33600
6/8/2021,Jamaica,Oeschle,Apple,Claro,750,81,1200,97200
2/21/2021,Cuba,Plaza Vea,Apple,Claro,750,4,1200,4800
8/27/2021,Paraguay,Saga Falabella,Apple,Claro,750,16,1200,19200
6/19/2019,Germany,Ripley,Apple,Claro,750,31,1200,37200
9/4/2021,Argentina,Saga Falabella,Apple,Claro,750,16,1200,19200
12/4/2020,Canada,Metro,Apple,Claro,750,17,1200,20400
2/21/2021,Paraguay,Metro,Apple,Claro,750,33,1200,39600
3/30/2019,Switzerland,Ripley,Apple,Claro,750,22,1200,26400
4/4/2019,France,Plaza Vea,Apple,Claro,750,45,1200,54000
7/31/2018,Argentina,Saga Falabella,Apple,Claro,750,16,1200,19200
5/2/2021,France,Metro,Apple,Claro,750,29,1200,34800
10/11/2021,Argentina,Plaza Vea,Apple,Claro,750,70,1200,84000
3/20/2021,Colombia,Ripley,Apple,Claro,750,17,1200,20400
1/22/2018,Argentina,Saga Falabella,Apple,Claro,750,18,1200,21600
4/25/2019,Bolivia,Metro,Apple,Claro,750,56,1200,67200
1/23/2021,Jamaica,Ripley,Apple,Claro,750,5,1200,6000
8/10/2018,Brasil,Saga Falabella,Apple,Claro,750,6,1200,7200
11/12/2020,Venezuela,Saga Falabella,Apple,Claro,750,12,1200,14400
11/16/2018,Canada,Saga Falabella,Apple,Claro,750,17,1200,20400
6/21/2020,Colombia,Plaza Vea,Apple,Claro,750,40,1200,48000
8/13/2021,Guatemala,Saga Falabella,Apple,Claro,750,14,1200,16800
1/18/2021,Switzerland,Tottus,Apple,Claro,750,74,1200,88800
11/2/2019,Paraguay,Metro,Apple,Claro,750,19,1200,22800
12/4/2019,USA,Saga Falabella,Apple,Claro,750,18,1200,21600
9/19/2019,Argentina,Plaza Vea,Apple,Claro,750,48,1200,57600
8/14/2020,Brasil,Ripley,Apple,Claro,750,17,1200,20400
11/15/2018,Switzerland,Ripley,Apple,Claro,750,21,1200,25200
4/26/2019,Chile,Metro,Apple,Claro,750,9,1200,10800
10/22/2021,Jamaica,Oeschle,Apple,Claro,750,42,1200,50400
3/21/2018,Brasil,Ripley,Apple,Claro,750,17,1200,20400
10/31/2018,Venezuela,Ripley,Apple,Claro,750,28,1200,33600
7/21/2019,Denmark,Tottus,Apple,Claro,750,3,1200,3600
3/15/2020,El Salvador,Tottus,Apple,Claro,750,102,1200,122400
8/22/2019,Cuba,Oeschle,Apple,Claro,750,48,1200,57600
6/1/2018,Venezuela,Ripley,Apple,Claro,750,13,1200,15600
10/20/2020,Spain,Ripley,Apple,Claro,750,5,1200,6000
4/21/2021,Canada,Tottus,Apple,Claro,750,85,1200,102000
12/26/2019,Chile,Plaza Vea,Apple,Claro,750,52,1200,62400
6/23/2018,Brasil,Saga Falabella,Apple,Claro,750,18,1200,21600
5/14/2019,Spain,Plaza Vea,Apple,Claro,750,4,1200,4800
11/1/2020,Chile,Tottus,Apple,Claro,750,107,1200,128400
2/16/2021,El Salvador,Oeschle,Apple,Claro,750,70,1200,84000
5/22/2018,Peru,Plaza Vea,Apple,Claro,750,40,1200,48000
6/16/2018,Cuba,Oeschle,Apple,Claro,750,53,1200,63600
5/12/2019,El Salvador,Oeschle,Apple,Claro,750,67,1200,80400
9/18/2020,Cuba,Ripley,Apple,Claro,750,34,1200,40800
1/25/2021,Chile,Oeschle,Apple,Claro,750,75,1200,90000
3/17/2021,Germany,Ripley,Apple,Claro,750,28,1200,33600
6/8/2021,Jamaica,Oeschle,Apple,Claro,750,81,1200,97200
2/21/2021,Cuba,Plaza Vea,Apple,Claro,750,4,1200,4800
8/27/2021,Paraguay,Saga Falabella,Apple,Claro,750,16,1200,19200
6/19/2019,Germany,Ripley,Apple,Claro,750,31,1200,37200
9/4/2021,Argentina,Saga Falabella,Apple,Claro,750,16,1200,19200
12/4/2020,Canada,Metro,Apple,Claro,750,17,1200,20400
2/21/2021,Paraguay,Metro,Apple,Claro,750,33,1200,39600
3/30/2019,Switzerland,Ripley,Apple,Claro,750,22,1200,26400
4/4/2019,France,Plaza Vea,Apple,Claro,750,45,1200,54000
7/31/2018,Argentina,Saga Falabella,Apple,Claro,750,16,1200,19200
5/2/2021,France,Metro,Apple,Claro,750,29,1200,34800
6/14/2019,Bolivia,Tottus,Apple,Entel,750,172,1200,206400
6/30/2018,Denmark,Tottus,Apple,Entel,750,61,1200,73200
8/2/2021,Peru,Tottus,Apple,Entel,750,47,1200,56400
5/7/2021,Paraguay,Saga Falabella,Apple,Entel,750,10,1200,12000
9/1/2020,Uruguay,Metro,Apple,Entel,750,43,1200,51600
4/16/2020,France,Oeschle,Apple,Entel,750,104,1200,124800
8/23/2021,Colombia,Metro,Apple,Entel,750,44,1200,52800
6/1/2018,Guatemala,Oeschle,Apple,Entel,750,166,1200,199200
12/22/2020,Denmark,Ripley,Apple,Entel,750,7,1200,8400
5/29/2019,Ireland,Plaza Vea,Apple,Entel,750,86,1200,103200
11/18/2021,Paraguay,Plaza Vea,Apple,Entel,750,141,1200,169200
4/26/2018,United Kingdom,Metro,Apple,Entel,750,38,1200,45600
2/21/2018,Argentina,Ripley,Apple,Entel,750,70,1200,84000
1/17/2020,Ireland,Tottus,Apple,Entel,750,77,1200,92400
1/6/2021,Guatemala,Tottus,Apple,Entel,750,131,1200,157200
3/24/2021,Portugal,Saga Falabella,Apple,Entel,750,14,1200,16800
10/6/2018,Ireland,Ripley,Apple,Entel,750,55,1200,66000
1/7/2020,Guatemala,Saga Falabella,Apple,Entel,750,3,1200,3600
12/6/2020,Brasil,Plaza Vea,Apple,Entel,750,23,1200,27600
3/14/2020,Guatemala,Tottus,Apple,Entel,750,172,1200,206400
7/1/2020,Canada,Oeschle,Apple,Entel,750,1,1200,1200
4/13/2021,Brasil,Metro,Apple,Entel,750,92,1200,110400
8/19/2021,Colombia,Saga Falabella,Apple,Entel,750,31,1200,37200
3/8/2018,Denmark,Saga Falabella,Apple,Entel,750,23,1200,27600
12/9/2021,Paraguay,Plaza Vea,Apple,Entel,750,139,1200,166800
3/11/2018,Uruguay,Saga Falabella,Apple,Entel,750,33,1200,39600
4/7/2021,Paraguay,Ripley,Apple,Entel,750,53,1200,63600
9/9/2021,Mexico,Plaza Vea,Apple,Entel,750,151,1200,181200
9/16/2018,USA,Plaza Vea,Apple,Entel,750,41,1200,49200
6/26/2019,Uruguay,Saga Falabella,Apple,Entel,750,27,1200,32400
10/2/2021,Germany,Tottus,Apple,Entel,750,83,1200,99600
2/13/2021,Denmark,Saga Falabella,Apple,Entel,750,28,1200,33600
7/15/2021,Venezuela,Tottus,Apple,Entel,750,24,1200,28800
2/2/2019,Spain,Oeschle,Apple,Entel,750,53,1200,63600
9/27/2021,Venezuela,Plaza Vea,Apple,Entel,750,114,1200,136800
8/9/2021,Switzerland,Oeschle,Apple,Entel,750,14,1200,16800
11/28/2020,United Kingdom,Saga Falabella,Apple,Entel,750,3,1200,3600
2/7/2018,Colombia,Tottus,Apple,Entel,750,181,1200,217200
12/26/2021,Germany,Metro,Apple,Entel,750,34,1200,40800
5/5/2019,Jamaica,Tottus,Apple,Entel,750,173,1200,207600
11/11/2020,Brasil,Saga Falabella,Apple,Entel,750,6,1200,7200
2/24/2019,Bolivia,Ripley,Apple,Entel,750,66,1200,79200
3/19/2021,Uruguay,Ripley,Apple,Entel,750,39,1200,46800
5/2/2019,Bolivia,Tottus,Apple,Entel,750,128,1200,153600
7/18/2018,United Kingdom,Metro,Apple,Entel,750,109,1200,130800
1/11/2018,Cuba,Oeschle,Apple,Entel,750,178,1200,213600
6/14/2019,Bolivia,Tottus,Apple,Entel,750,172,1200,206400
6/30/2018,Denmark,Tottus,Apple,Entel,750,61,1200,73200
8/2/2021,Peru,Tottus,Apple,Entel,750,47,1200,56400
5/7/2021,Paraguay,Saga Falabella,Apple,Entel,750,10,1200,12000
9/1/2020,Uruguay,Metro,Apple,Entel,750,43,1200,51600
4/16/2020,France,Oeschle,Apple,Entel,750,104,1200,124800
8/23/2021,Colombia,Metro,Apple,Entel,750,44,1200,52800
6/1/2018,Guatemala,Oeschle,Apple,Entel,750,166,1200,199200
12/22/2020,Denmark,Ripley,Apple,Entel,750,7,1200,8400
5/29/2019,Ireland,Plaza Vea,Apple,Entel,750,86,1200,103200
11/18/2021,Paraguay,Plaza Vea,Apple,Entel,750,141,1200,169200
4/26/2018,United Kingdom,Metro,Apple,Entel,750,38,1200,45600
2/21/2018,Argentina,Ripley,Apple,Entel,750,70,1200,84000
1/17/2020,Ireland,Tottus,Apple,Entel,750,77,1200,92400
1/6/2021,Guatemala,Tottus,Apple,Entel,750,131,1200,157200
3/24/2021,Portugal,Saga Falabella,Apple,Entel,750,14,1200,16800
10/6/2018,Ireland,Ripley,Apple,Entel,750,55,1200,66000
1/7/2020,Guatemala,Saga Falabella,Apple,Entel,750,3,1200,3600
12/6/2020,Brasil,Plaza Vea,Apple,Entel,750,23,1200,27600
3/14/2020,Guatemala,Tottus,Apple,Entel,750,172,1200,206400
7/1/2020,Canada,Oeschle,Apple,Entel,750,1,1200,1200
4/13/2021,Brasil,Metro,Apple,Entel,750,92,1200,110400
8/19/2021,Colombia,Saga Falabella,Apple,Entel,750,31,1200,37200
3/8/2018,Denmark,Saga Falabella,Apple,Entel,750,23,1200,27600
12/9/2021,Paraguay,Plaza Vea,Apple,Entel,750,139,1200,166800
3/11/2018,Uruguay,Saga Falabella,Apple,Entel,750,33,1200,39600
4/7/2021,Paraguay,Ripley,Apple,Entel,750,53,1200,63600
9/9/2021,Mexico,Plaza Vea,Apple,Entel,750,151,1200,181200
9/16/2018,USA,Plaza Vea,Apple,Entel,750,41,1200,49200
6/26/2019,Uruguay,Saga Falabella,Apple,Entel,750,27,1200,32400
10/2/2021,Germany,Tottus,Apple,Entel,750,83,1200,99600
2/13/2021,Denmark,Saga Falabella,Apple,Entel,750,28,1200,33600
7/15/2021,Venezuela,Tottus,Apple,Entel,750,24,1200,28800
2/2/2019,Spain,Oeschle,Apple,Entel,750,53,1200,63600
9/27/2021,Venezuela,Plaza Vea,Apple,Entel,750,114,1200,136800
8/9/2021,Switzerland,Oeschle,Apple,Entel,750,14,1200,16800
11/28/2020,United Kingdom,Saga Falabella,Apple,Entel,750,3,1200,3600
2/7/2018,Colombia,Tottus,Apple,Entel,750,181,1200,217200
12/26/2021,Germany,Metro,Apple,Entel,750,34,1200,40800
5/5/2019,Jamaica,Tottus,Apple,Entel,750,173,1200,207600
11/11/2020,Brasil,Saga Falabella,Apple,Entel,750,6,1200,7200
2/24/2019,Bolivia,Ripley,Apple,Entel,750,66,1200,79200
3/19/2021,Uruguay,Ripley,Apple,Entel,750,39,1200,46800
5/2/2019,Bolivia,Tottus,Apple,Entel,750,128,1200,153600
7/18/2018,United Kingdom,Metro,Apple,Entel,750,109,1200,130800
1/11/2018,Cuba,Oeschle,Apple,Entel,750,178,1200,213600
6/25/2019,Bolivia,Ripley,Apple,Movistar,750,5,1200,6000
5/11/2019,Germany,Ripley,Apple,Movistar,750,1,1200,1200
6/4/2018,Switzerland,Oeschle,Apple,Movistar,750,41,1200,49200
9/19/2019,Peru,Tottus,Apple,Movistar,750,57,1200,68400
11/6/2019,Mexico,Saga Falabella,Apple,Movistar,750,9,1200,10800
12/4/2021,Canada,Metro,Apple,Movistar,750,6,1200,7200
9/18/2021,Switzerland,Plaza Vea,Apple,Movistar,750,25,1200,30000
4/1/2018,Colombia,Saga Falabella,Apple,Movistar,750,5,1200,6000
8/3/2020,Paraguay,Oeschle,Apple,Movistar,750,35,1200,42000
1/16/2021,Spain,Plaza Vea,Apple,Movistar,750,13,1200,15600
2/23/2019,Uruguay,Tottus,Apple,Movistar,750,2,1200,2400
1/11/2020,Ireland,Metro,Apple,Movistar,750,9,1200,10800
5/8/2021,Canada,Tottus,Apple,Movistar,750,27,1200,32400
6/9/2018,Uruguay,Oeschle,Apple,Movistar,750,40,1200,48000
4/4/2019,Brasil,Metro,Apple,Movistar,750,12,1200,14400
12/9/2018,Chile,Plaza Vea,Apple,Movistar,750,31,1200,37200
7/21/2018,El Salvador,Metro,Apple,Movistar,750,8,1200,9600
10/4/2021,Portugal,Plaza Vea,Apple,Movistar,750,39,1200,46800
9/4/2021,Denmark,Oeschle,Apple,Movistar,750,1,1200,1200
12/11/2018,Guatemala,Ripley,Apple,Movistar,750,3,1200,3600
1/30/2021,Cuba,Saga Falabella,Apple,Movistar,750,4,1200,4800
1/24/2018,El Salvador,Plaza Vea,Apple,Movistar,750,26,1200,31200
12/5/2021,Brasil,Tottus,Apple,Movistar,750,18,1200,21600
5/2/2021,Guatemala,Ripley,Apple,Movistar,750,11,1200,13200
3/9/2021,France,Tottus,Apple,Movistar,750,58,1200,69600
11/16/2021,Colombia,Metro,Apple,Movistar,750,21,1200,25200
4/10/2019,Venezuela,Tottus,Apple,Movistar,750,30,1200,36000
9/16/2019,Colombia,Plaza Vea,Apple,Movistar,750,20,1200,24000
3/19/2018,Chile,Tottus,Apple,Movistar,750,37,1200,44400
8/6/2021,Ireland,Tottus,Apple,Movistar,750,43,1200,51600
5/21/2019,Guatemala,Saga Falabella,Apple,Movistar,750,1,1200,1200
6/24/2021,Guatemala,Saga Falabella,Apple,Movistar,750,9,1200,10800
8/22/2020,Uruguay,Oeschle,Apple,Movistar,750,44,1200,52800
7/1/2021,Brasil,Metro,Apple,Movistar,750,19,1200,22800
7/2/2021,Uruguay,Oeschle,Apple,Movistar,750,36,1200,43200
9/2/2018,Cuba,Tottus,Apple,Movistar,750,3,1200,3600
2/2/2021,Germany,Ripley,Apple,Movistar,750,15,1200,18000
4/18/2020,Chile,Oeschle,Apple,Movistar,750,47,1200,56400
6/11/2020,Ireland,Metro,Apple,Movistar,750,9,1200,10800
9/1/2021,United Kingdom,Ripley,Apple,Movistar,750,18,1200,21600
4/28/2019,Brasil,Oeschle,Apple,Movistar,750,23,1200,27600
6/25/2019,Bolivia,Ripley,Apple,Movistar,750,5,1200,6000
5/11/2019,Germany,Ripley,Apple,Movistar,750,1,1200,1200
6/4/2018,Switzerland,Oeschle,Apple,Movistar,750,41,1200,49200
9/19/2019,Peru,Tottus,Apple,Movistar,750,57,1200,68400
11/6/2019,Mexico,Saga Falabella,Apple,Movistar,750,9,1200,10800
12/4/2021,Canada,Metro,Apple,Movistar,750,6,1200,7200
9/18/2021,Switzerland,Plaza Vea,Apple,Movistar,750,25,1200,30000
4/1/2018,Colombia,Saga Falabella,Apple,Movistar,750,5,1200,6000
8/3/2020,Paraguay,Oeschle,Apple,Movistar,750,35,1200,42000
1/16/2021,Spain,Plaza Vea,Apple,Movistar,750,13,1200,15600
2/23/2019,Uruguay,Tottus,Apple,Movistar,750,2,1200,2400
1/11/2020,Ireland,Metro,Apple,Movistar,750,9,1200,10800
5/8/2021,Canada,Tottus,Apple,Movistar,750,27,1200,32400
6/9/2018,Uruguay,Oeschle,Apple,Movistar,750,40,1200,48000
4/4/2019,Brasil,Metro,Apple,Movistar,750,12,1200,14400
12/9/2018,Chile,Plaza Vea,Apple,Movistar,750,31,1200,37200
7/21/2018,El Salvador,Metro,Apple,Movistar,750,8,1200,9600
10/4/2021,Portugal,Plaza Vea,Apple,Movistar,750,39,1200,46800
9/4/2021,Denmark,Oeschle,Apple,Movistar,750,1,1200,1200
12/11/2018,Guatemala,Ripley,Apple,Movistar,750,3,1200,3600
1/30/2021,Cuba,Saga Falabella,Apple,Movistar,750,4,1200,4800
1/24/2018,El Salvador,Plaza Vea,Apple,Movistar,750,26,1200,31200
12/5/2021,Brasil,Tottus,Apple,Movistar,750,18,1200,21600
5/2/2021,Guatemala,Ripley,Apple,Movistar,750,11,1200,13200
3/9/2021,France,Tottus,Apple,Movistar,750,58,1200,69600
11/16/2021,Colombia,Metro,Apple,Movistar,750,21,1200,25200
4/10/2019,Venezuela,Tottus,Apple,Movistar,750,30,1200,36000
9/16/2019,Colombia,Plaza Vea,Apple,Movistar,750,20,1200,24000
3/19/2018,Chile,Tottus,Apple,Movistar,750,37,1200,44400
8/6/2021,Ireland,Tottus,Apple,Movistar,750,43,1200,51600
5/21/2019,Guatemala,Saga Falabella,Apple,Movistar,750,1,1200,1200
6/24/2021,Guatemala,Saga Falabella,Apple,Movistar,750,9,1200,10800
8/22/2020,Uruguay,Oeschle,Apple,Movistar,750,44,1200,52800
7/1/2021,Brasil,Metro,Apple,Movistar,750,19,1200,22800
7/2/2021,Uruguay,Oeschle,Apple,Movistar,750,36,1200,43200
9/2/2018,Cuba,Tottus,Apple,Movistar,750,3,1200,3600
2/2/2021,Germany,Ripley,Apple,Movistar,750,15,1200,18000
4/18/2020,Chile,Oeschle,Apple,Movistar,750,47,1200,56400
6/11/2020,Ireland,Metro,Apple,Movistar,750,9,1200,10800
9/1/2021,United Kingdom,Ripley,Apple,Movistar,750,18,1200,21600
4/28/2019,Brasil,Oeschle,Apple,Movistar,750,23,1200,27600
10/14/2020,El Salvador,Plaza Vea,Huawei,Bitel,175,33,450,14850
11/23/2020,Ireland,Oeschle,Huawei,Bitel,175,11,450,4950
12/24/2021,Portugal,Metro,Huawei,Bitel,175,70,450,31500
1/1/2021,Jamaica,Plaza Vea,Huawei,Movistar,175,23,450,10350
12/1/2018,Switzerland,Oeschle,Huawei,Bitel,175,55,450,24750
9/16/2021,France,Plaza Vea,Huawei,Claro,175,52,450,23400
9/12/2021,Cuba,Oeschle,Huawei,Claro,175,5,450,2250
4/25/2021,Argentina,Metro,Huawei,Bitel,175,55,450,24750
6/29/2019,USA,Ripley,Huawei,Bitel,175,1,450,450
2/3/2021,Chile,Oeschle,Huawei,Tuenti,175,211,450,94950
3/1/2018,Venezuela,Oeschle,Huawei,Tuenti,175,5,450,2250
11/16/2020,Portugal,Metro,Huawei,Tuenti,175,59,450,26550
10/11/2019,Spain,Ripley,Huawei,Tuenti,175,92,450,41400
11/8/2018,Paraguay,Plaza Vea,Huawei,Movistar,175,27,450,12150
7/2/2021,Paraguay,Oeschle,Huawei,Bitel,175,3,450,1350
9/23/2018,Ireland,Ripley,Huawei,Movistar,175,19,450,8550
6/4/2019,Peru,Oeschle,Huawei,Tuenti,175,225,450,101250
6/3/2020,United Kingdom,Plaza Vea,Huawei,Movistar,175,3,450,1350
7/22/2021,Spain,Ripley,Huawei,Tuenti,175,11,450,4950
6/6/2021,Uruguay,Metro,Huawei,Claro,175,27,450,12150
8/18/2018,USA,Metro,Huawei,Bitel,175,71,450,31950
3/17/2021,Colombia,Oeschle,Huawei,Entel,175,125,450,56250
4/19/2021,Chile,Oeschle,Huawei,Movistar,175,39,450,17550
5/21/2018,Colombia,Metro,Huawei,Entel,175,27,450,12150
12/7/2021,Venezuela,Oeschle,Huawei,Tuenti,175,3,450,1350
10/25/2021,Canada,Plaza Vea,Huawei,Claro,175,15,450,6750
6/1/2020,Cuba,Ripley,Huawei,Movistar,175,5,450,2250
4/5/2019,Guatemala,Plaza Vea,Huawei,Bitel,175,55,450,24750
1/2/2019,Chile,Plaza Vea,Huawei,Entel,175,127,450,57150
10/8/2020,United Kingdom,Oeschle,Huawei,Claro,175,66,450,29700
4/19/2021,Venezuela,Plaza Vea,Huawei,Bitel,175,51,450,22950
4/15/2019,El Salvador,Plaza Vea,Huawei,Movistar,175,17,450,7650
6/11/2019,El Salvador,Metro,Huawei,Claro,175,39,450,17550
12/14/2021,USA,Plaza Vea,Huawei,Tuenti,175,116,450,52200
11/14/2020,Paraguay,Ripley,Huawei,Entel,175,35,450,15750
7/23/2019,Paraguay,Oeschle,Huawei,Tuenti,175,107,450,48150
5/22/2021,Denmark,Metro,Huawei,Claro,175,28,450,12600
6/30/2021,Chile,Metro,Huawei,Bitel,175,33,450,14850
9/7/2018,Paraguay,Plaza Vea,Huawei,Claro,175,6,450,2700
3/10/2021,Switzerland,Ripley,Huawei,Movistar,175,12,450,5400
1/9/2021,Portugal,Oeschle,Huawei,Entel,175,65,450,29250
3/12/2020,El Salvador,Metro,Huawei,Movistar,175,28,450,12600
3/26/2021,USA,Plaza Vea,Huawei,Tuenti,175,178,450,80100
12/18/2018,France,Oeschle,Huawei,Movistar,175,29,450,13050
8/10/2021,Venezuela,Metro,Huawei,Claro,175,8,450,3600
3/5/2020,Spain,Plaza Vea,Huawei,Entel,175,128,450,57600
3/20/2021,Mexico,Metro,Huawei,Tuenti,175,33,450,14850
2/13/2019,Portugal,Oeschle,Huawei,Claro,175,81,450,36450
5/27/2021,Canada,Ripley,Huawei,Movistar,175,8,450,3600
12/15/2019,Uruguay,Plaza Vea,Huawei,Bitel,175,3,450,1350
5/9/2020,Brasil,Oeschle,Huawei,Entel,175,4,450,1800
2/18/2019,United Kingdom,Metro,Huawei,Entel,175,69,450,31050
5/4/2021,USA,Ripley,Huawei,Tuenti,175,66,450,29700
9/25/2019,Paraguay,Plaza Vea,Huawei,Tuenti,175,32,450,14400
8/2/2018,El Salvador,Ripley,Huawei,Tuenti,175,98,450,44100
1/16/2019,Cuba,Ripley,Huawei,Movistar,175,1,450,450
11/23/2021,Venezuela,Ripley,Huawei,Movistar,175,17,450,7650
2/11/2019,Colombia,Metro,Huawei,Tuenti,175,123,450,55350
9/19/2018,Ireland,Metro,Huawei,Bitel,175,36,450,16200
10/5/2019,Brasil,Metro,Huawei,Bitel,175,37,450,16650
2/6/2021,Brasil,Plaza Vea,Huawei,Movistar,175,25,450,11250
6/28/2019,Bolivia,Oeschle,Huawei,Movistar,175,44,450,19800
9/29/2021,Uruguay,Plaza Vea,Huawei,Bitel,175,2,450,900
11/2/2018,France,Oeschle,Huawei,Entel,175,165,450,74250
2/10/2018,Cuba,Metro,Huawei,Tuenti,175,83,450,37350
11/17/2019,United Kingdom,Metro,Huawei,Movistar,175,11,450,4950
1/22/2019,Denmark,Metro,Huawei,Movistar,175,6,450,2700
11/11/2020,Canada,Oeschle,Huawei,Tuenti,175,188,450,84600
6/2/2021,Paraguay,Plaza Vea,Huawei,Bitel,175,54,450,24300
6/4/2021,Argentina,Plaza Vea,Huawei,Claro,175,47,450,21150
10/15/2021,Uruguay,Oeschle,Huawei,Entel,175,17,450,7650
11/6/2020,Uruguay,Metro,Huawei,Bitel,175,67,450,30150
2/11/2021,Canada,Oeschle,Huawei,Tuenti,175,145,450,65250
3/24/2021,Peru,Plaza Vea,Huawei,Tuenti,175,85,450,38250
9/9/2021,El Salvador,Oeschle,Huawei,Entel,175,74,450,33300
3/12/2020,Mexico,Metro,Huawei,Bitel,175,58,450,26100
3/4/2020,Brasil,Plaza Vea,Huawei,Tuenti,175,67,450,30150
12/11/2020,Cuba,Ripley,Huawei,Entel,175,15,450,6750
12/3/2021,Colombia,Metro,Huawei,Claro,175,20,450,9000
5/19/2018,Switzerland,Plaza Vea,Huawei,Tuenti,175,56,450,25200
12/28/2018,Spain,Ripley,Huawei,Claro,175,9,450,4050
5/14/2018,Canada,Oeschle,Huawei,Tuenti,175,77,450,34650
3/21/2018,Denmark,Metro,Huawei,Claro,175,53,450,23850
2/7/2018,Spain,Plaza Vea,Huawei,Bitel,175,12,450,5400
1/5/2021,USA,Oeschle,Huawei,Bitel,175,97,450,43650
4/21/2019,United Kingdom,Oeschle,Huawei,Movistar,175,15,450,6750
7/17/2019,Mexico,Metro,Huawei,Movistar,175,26,450,11700
7/17/2018,Jamaica,Oeschle,Huawei,Claro,175,98,450,44100
12/10/2018,Venezuela,Plaza Vea,Huawei,Claro,175,39,450,17550
6/11/2018,Mexico,Metro,Huawei,Tuenti,175,96,450,43200
9/9/2019,Spain,Ripley,Huawei,Bitel,175,10,450,4500
9/2/2021,Cuba,Oeschle,Huawei,Tuenti,175,165,450,74250
10/14/2020,El Salvador,Plaza Vea,Huawei,Bitel,175,33,450,14850
11/23/2020,Ireland,Oeschle,Huawei,Bitel,175,11,450,4950
12/24/2021,Portugal,Metro,Huawei,Bitel,175,70,450,31500
1/1/2021,Jamaica,Plaza Vea,Huawei,Movistar,175,23,450,10350
12/1/2018,Switzerland,Oeschle,Huawei,Bitel,175,55,450,24750
9/16/2021,France,Plaza Vea,Huawei,Claro,175,52,450,23400
9/12/2021,Cuba,Oeschle,Huawei,Claro,175,5,450,2250
4/25/2021,Argentina,Metro,Huawei,Bitel,175,55,450,24750
6/29/2019,USA,Ripley,Huawei,Bitel,175,1,450,450
2/3/2021,Chile,Oeschle,Huawei,Tuenti,175,211,450,94950
3/1/2018,Venezuela,Oeschle,Huawei,Tuenti,175,5,450,2250
11/16/2020,Portugal,Metro,Huawei,Tuenti,175,59,450,26550
10/11/2019,Spain,Ripley,Huawei,Tuenti,175,92,450,41400
11/8/2018,Paraguay,Plaza Vea,Huawei,Movistar,175,27,450,12150
7/2/2021,Paraguay,Oeschle,Huawei,Bitel,175,3,450,1350
9/23/2018,Ireland,Ripley,Huawei,Movistar,175,19,450,8550
6/4/2019,Peru,Oeschle,Huawei,Tuenti,175,225,450,101250
6/3/2020,United Kingdom,Plaza Vea,Huawei,Movistar,175,3,450,1350
7/22/2021,Spain,Ripley,Huawei,Tuenti,175,11,450,4950
6/6/2021,Uruguay,Metro,Huawei,Claro,175,27,450,12150
8/18/2018,USA,Metro,Huawei,Bitel,175,71,450,31950
3/17/2021,Colombia,Oeschle,Huawei,Entel,175,125,450,56250
4/19/2021,Chile,Oeschle,Huawei,Movistar,175,39,450,17550
5/21/2018,Colombia,Metro,Huawei,Entel,175,27,450,12150
12/7/2021,Venezuela,Oeschle,Huawei,Tuenti,175,3,450,1350
10/25/2021,Canada,Plaza Vea,Huawei,Claro,175,15,450,6750
6/1/2020,Cuba,Ripley,Huawei,Movistar,175,5,450,2250
4/5/2019,Guatemala,Plaza Vea,Huawei,Bitel,175,55,450,24750
1/2/2019,Chile,Plaza Vea,Huawei,Entel,175,127,450,57150
10/8/2020,United Kingdom,Oeschle,Huawei,Claro,175,66,450,29700
4/19/2021,Venezuela,Plaza Vea,Huawei,Bitel,175,51,450,22950
4/15/2019,El Salvador,Plaza Vea,Huawei,Movistar,175,17,450,7650
6/11/2019,El Salvador,Metro,Huawei,Claro,175,39,450,17550
12/14/2021,USA,Plaza Vea,Huawei,Tuenti,175,116,450,52200
11/14/2020,Paraguay,Ripley,Huawei,Entel,175,35,450,15750
7/23/2019,Paraguay,Oeschle,Huawei,Tuenti,175,107,450,48150
5/22/2021,Denmark,Metro,Huawei,Claro,175,28,450,12600
6/30/2021,Chile,Metro,Huawei,Bitel,175,33,450,14850
9/7/2018,Paraguay,Plaza Vea,Huawei,Claro,175,6,450,2700
3/10/2021,Switzerland,Ripley,Huawei,Movistar,175,12,450,5400
1/9/2021,Portugal,Oeschle,Huawei,Entel,175,65,450,29250
3/12/2020,El Salvador,Metro,Huawei,Movistar,175,28,450,12600
3/26/2021,USA,Plaza Vea,Huawei,Tuenti,175,178,450,80100
12/18/2018,France,Oeschle,Huawei,Movistar,175,29,450,13050
8/10/2021,Venezuela,Metro,Huawei,Claro,175,8,450,3600
3/5/2020,Spain,Plaza Vea,Huawei,Entel,175,128,450,57600
3/20/2021,Mexico,Metro,Huawei,Tuenti,175,33,450,14850
2/13/2019,Portugal,Oeschle,Huawei,Claro,175,81,450,36450
5/27/2021,Canada,Ripley,Huawei,Movistar,175,8,450,3600
12/15/2019,Uruguay,Plaza Vea,Huawei,Bitel,175,3,450,1350
5/9/2020,Brasil,Oeschle,Huawei,Entel,175,4,450,1800
2/18/2019,United Kingdom,Metro,Huawei,Entel,175,69,450,31050
5/4/2021,USA,Ripley,Huawei,Tuenti,175,66,450,29700
9/25/2019,Paraguay,Plaza Vea,Huawei,Tuenti,175,32,450,14400
8/2/2018,El Salvador,Ripley,Huawei,Tuenti,175,98,450,44100
1/16/2019,Cuba,Ripley,Huawei,Movistar,175,1,450,450
11/23/2021,Venezuela,Ripley,Huawei,Movistar,175,17,450,7650
2/11/2019,Colombia,Metro,Huawei,Tuenti,175,123,450,55350
9/19/2018,Ireland,Metro,Huawei,Bitel,175,36,450,16200
10/5/2019,Brasil,Metro,Huawei,Bitel,175,37,450,16650
2/6/2021,Brasil,Plaza Vea,Huawei,Movistar,175,25,450,11250
6/28/2019,Bolivia,Oeschle,Huawei,Movistar,175,44,450,19800
9/29/2021,Uruguay,Plaza Vea,Huawei,Bitel,175,2,450,900
11/2/2018,France,Oeschle,Huawei,Entel,175,165,450,74250
2/10/2018,Cuba,Metro,Huawei,Tuenti,175,83,450,37350
11/17/2019,United Kingdom,Metro,Huawei,Movistar,175,11,450,4950
1/22/2019,Denmark,Metro,Huawei,Movistar,175,6,450,2700
11/11/2020,Canada,Oeschle,Huawei,Tuenti,175,188,450,84600
6/2/2021,Paraguay,Plaza Vea,Huawei,Bitel,175,54,450,24300
6/4/2021,Argentina,Plaza Vea,Huawei,Claro,175,47,450,21150
10/15/2021,Uruguay,Oeschle,Huawei,Entel,175,17,450,7650
11/6/2020,Uruguay,Metro,Huawei,Bitel,175,67,450,30150
2/11/2021,Canada,Oeschle,Huawei,Tuenti,175,145,450,65250
3/24/2021,Peru,Plaza Vea,Huawei,Tuenti,175,85,450,38250
9/9/2021,El Salvador,Oeschle,Huawei,Entel,175,74,450,33300
3/12/2020,Mexico,Metro,Huawei,Bitel,175,58,450,26100
3/4/2020,Brasil,Plaza Vea,Huawei,Tuenti,175,67,450,30150
12/11/2020,Cuba,Ripley,Huawei,Entel,175,15,450,6750
12/3/2021,Colombia,Metro,Huawei,Claro,175,20,450,9000
5/19/2018,Switzerland,Plaza Vea,Huawei,Tuenti,175,56,450,25200
12/28/2018,Spain,Ripley,Huawei,Claro,175,9,450,4050
5/14/2018,Canada,Oeschle,Huawei,Tuenti,175,77,450,34650
3/21/2018,Denmark,Metro,Huawei,Claro,175,53,450,23850
2/7/2018,Spain,Plaza Vea,Huawei,Bitel,175,12,450,5400
1/5/2021,USA,Oeschle,Huawei,Bitel,175,97,450,43650
4/21/2019,United Kingdom,Oeschle,Huawei,Movistar,175,15,450,6750
7/17/2019,Mexico,Metro,Huawei,Movistar,175,26,450,11700
7/17/2018,Jamaica,Oeschle,Huawei,Claro,175,98,450,44100
12/10/2018,Venezuela,Plaza Vea,Huawei,Claro,175,39,450,17550
6/11/2018,Mexico,Metro,Huawei,Tuenti,175,96,450,43200
9/9/2019,Spain,Ripley,Huawei,Bitel,175,10,450,4500
9/2/2021,Cuba,Oeschle,Huawei,Tuenti,175,165,450,74250
10/3/2018,Spain,Saga Falabella,Huawei,Entel,175,18,450,8100
11/5/2021,Uruguay,Saga Falabella,Huawei,Claro,175,10,450,4500
11/12/2020,El Salvador,Saga Falabella,Huawei,Entel,175,37,450,16650
7/13/2021,Germany,Saga Falabella,Huawei,Claro,175,18,450,8100
5/7/2021,USA,Saga Falabella,Huawei,Movistar,175,6,450,2700
8/23/2020,Venezuela,Saga Falabella,Huawei,Tuenti,175,21,450,9450
12/11/2020,Denmark,Saga Falabella,Huawei,Claro,175,11,450,4950
3/1/2018,Spain,Saga Falabella,Huawei,Claro,175,1,450,450
4/18/2021,USA,Saga Falabella,Huawei,Entel,175,10,450,4500
1/30/2019,France,Saga Falabella,Huawei,Movistar,175,1,450,450
6/1/2019,Spain,Saga Falabella,Huawei,Movistar,175,1,450,450
12/20/2018,Cuba,Saga Falabella,Huawei,Tuenti,175,35,450,15750
8/20/2021,Chile,Saga Falabella,Huawei,Entel,175,19,450,8550
11/30/2021,Switzerland,Saga Falabella,Huawei,Movistar,175,5,450,2250
2/6/2021,USA,Saga Falabella,Huawei,Bitel,175,4,450,1800
4/22/2021,United Kingdom,Saga Falabella,Huawei,Claro,175,8,450,3600
9/10/2020,Mexico,Saga Falabella,Huawei,Movistar,175,4,450,1800
9/14/2020,Bolivia,Saga Falabella,Huawei,Entel,175,11,450,4950
10/17/2018,Brasil,Saga Falabella,Huawei,Bitel,175,29,450,13050
8/14/2021,Portugal,Saga Falabella,Huawei,Movistar,175,2,450,900
3/10/2019,Colombia,Saga Falabella,Huawei,Bitel,175,21,450,9450
2/4/2020,Chile,Saga Falabella,Huawei,Claro,175,3,450,1350
12/30/2019,Denmark,Saga Falabella,Huawei,Entel,175,10,450,4500
5/10/2019,Bolivia,Saga Falabella,Huawei,Movistar,175,1,450,450
7/1/2020,France,Saga Falabella,Huawei,Bitel,175,16,450,7200
3/28/2021,Mexico,Saga Falabella,Huawei,Entel,175,11,450,4950
2/27/2021,Brasil,Saga Falabella,Huawei,Movistar,175,8,450,3600
3/10/2018,Spain,Saga Falabella,Huawei,Tuenti,175,39,450,17550
6/13/2021,Canada,Saga Falabella,Huawei,Bitel,175,9,450,4050
12/28/2018,Portugal,Saga Falabella,Huawei,Movistar,175,7,450,3150
3/27/2021,USA,Saga Falabella,Huawei,Tuenti,175,29,450,13050
3/27/2020,Chile,Saga Falabella,Huawei,Tuenti,175,17,450,7650
3/25/2021,Cuba,Saga Falabella,Huawei,Claro,175,5,450,2250
6/1/2021,Argentina,Saga Falabella,Huawei,Tuenti,175,29,450,13050
10/3/2018,Spain,Saga Falabella,Huawei,Entel,175,18,450,8100
11/5/2021,Uruguay,Saga Falabella,Huawei,Claro,175,10,450,4500
11/12/2020,El Salvador,Saga Falabella,Huawei,Entel,175,37,450,16650
7/13/2021,Germany,Saga Falabella,Huawei,Claro,175,18,450,8100
5/7/2021,USA,Saga Falabella,Huawei,Movistar,175,6,450,2700
8/23/2020,Venezuela,Saga Falabella,Huawei,Tuenti,175,21,450,9450
12/11/2020,Denmark,Saga Falabella,Huawei,Claro,175,11,450,4950
3/1/2018,Spain,Saga Falabella,Huawei,Claro,175,1,450,450
4/18/2021,USA,Saga Falabella,Huawei,Entel,175,10,450,4500
1/30/2019,France,Saga Falabella,Huawei,Movistar,175,1,450,450
6/1/2019,Spain,Saga Falabella,Huawei,Movistar,175,1,450,450
12/20/2018,Cuba,Saga Falabella,Huawei,Tuenti,175,35,450,15750
8/20/2021,Chile,Saga Falabella,Huawei,Entel,175,19,450,8550
11/30/2021,Switzerland,Saga Falabella,Huawei,Movistar,175,5,450,2250
2/6/2021,USA,Saga Falabella,Huawei,Bitel,175,4,450,1800
4/22/2021,United Kingdom,Saga Falabella,Huawei,Claro,175,8,450,3600
9/10/2020,Mexico,Saga Falabella,Huawei,Movistar,175,4,450,1800
9/14/2020,Bolivia,Saga Falabella,Huawei,Entel,175,11,450,4950
10/17/2018,Brasil,Saga Falabella,Huawei,Bitel,175,29,450,13050
8/14/2021,Portugal,Saga Falabella,Huawei,Movistar,175,2,450,900
3/10/2019,Colombia,Saga Falabella,Huawei,Bitel,175,21,450,9450
2/4/2020,Chile,Saga Falabella,Huawei,Claro,175,3,450,1350
12/30/2019,Denmark,Saga Falabella,Huawei,Entel,175,10,450,4500
5/10/2019,Bolivia,Saga Falabella,Huawei,Movistar,175,1,450,450
7/1/2020,France,Saga Falabella,Huawei,Bitel,175,16,450,7200
3/28/2021,Mexico,Saga Falabella,Huawei,Entel,175,11,450,4950
2/27/2021,Brasil,Saga Falabella,Huawei,Movistar,175,8,450,3600
3/10/2018,Spain,Saga Falabella,Huawei,Tuenti,175,39,450,17550
6/13/2021,Canada,Saga Falabella,Huawei,Bitel,175,9,450,4050
12/28/2018,Portugal,Saga Falabella,Huawei,Movistar,175,7,450,3150
3/27/2021,USA,Saga Falabella,Huawei,Tuenti,175,29,450,13050
3/27/2020,Chile,Saga Falabella,Huawei,Tuenti,175,17,450,7650
3/25/2021,Cuba,Saga Falabella,Huawei,Claro,175,5,450,2250
6/1/2021,Argentina,Saga Falabella,Huawei,Tuenti,175,29,450,13050
8/26/2018,Mexico,Tottus,Huawei,Claro,175,31,450,13950
12/22/2020,El Salvador,Tottus,Huawei,Movistar,175,20,450,9000
6/25/2018,Argentina,Tottus,Huawei,Movistar,175,28,450,12600
12/13/2018,Venezuela,Tottus,Huawei,Entel,175,70,450,31500
10/15/2021,Ireland,Tottus,Huawei,Claro,175,43,450,19350
9/21/2021,Bolivia,Tottus,Huawei,Movistar,175,29,450,13050
1/26/2021,United Kingdom,Tottus,Huawei,Claro,175,96,450,43200
7/21/2018,Argentina,Tottus,Huawei,Movistar,175,23,450,10350
6/18/2020,Jamaica,Tottus,Huawei,Tuenti,175,44,450,19800
10/12/2021,Guatemala,Tottus,Huawei,Entel,175,17,450,7650
8/21/2021,Venezuela,Tottus,Huawei,Bitel,175,143,450,64350
2/17/2019,USA,Tottus,Huawei,Claro,175,32,450,14400
8/20/2021,Canada,Tottus,Huawei,Claro,175,118,450,53100
6/7/2019,Colombia,Tottus,Huawei,Entel,175,130,450,58500
10/12/2021,Guatemala,Tottus,Huawei,Movistar,175,59,450,26550
4/8/2019,Venezuela,Tottus,Huawei,Entel,175,28,450,12600
2/26/2019,United Kingdom,Tottus,Huawei,Entel,175,199,450,89550
9/6/2020,Ireland,Tottus,Huawei,Tuenti,175,33,450,14850
5/16/2021,Venezuela,Tottus,Huawei,Bitel,175,122,450,54900
2/4/2021,El Salvador,Tottus,Huawei,Tuenti,175,273,450,122850
5/20/2021,Canada,Tottus,Huawei,Claro,175,14,450,6300
2/21/2020,Guatemala,Tottus,Huawei,Entel,175,34,450,15300
8/2/2019,Guatemala,Tottus,Huawei,Claro,175,52,450,23400
1/5/2020,Venezuela,Tottus,Huawei,Tuenti,175,103,450,46350
12/31/2021,Peru,Tottus,Huawei,Entel,175,140,450,63000
2/24/2019,Canada,Tottus,Huawei,Movistar,175,20,450,9000
3/31/2021,Ireland,Tottus,Huawei,Bitel,175,47,450,21150
5/20/2021,Cuba,Tottus,Huawei,Claro,175,14,450,6300
4/23/2021,Paraguay,Tottus,Huawei,Movistar,175,46,450,20700
7/6/2018,El Salvador,Tottus,Huawei,Tuenti,175,130,450,58500
4/16/2019,United Kingdom,Tottus,Huawei,Entel,175,106,450,47700
9/5/2019,Paraguay,Tottus,Huawei,Tuenti,175,28,450,12600
8/3/2018,Uruguay,Tottus,Huawei,Bitel,175,75,450,33750
8/15/2020,Mexico,Tottus,Huawei,Entel,175,88,450,39600
12/3/2020,Brasil,Tottus,Huawei,Tuenti,175,26,450,11700
3/13/2020,Cuba,Tottus,Huawei,Bitel,175,30,450,13500
8/16/2018,Paraguay,Tottus,Huawei,Claro,175,116,450,52200
12/2/2020,Chile,Tottus,Huawei,Bitel,175,8,450,3600
8/26/2018,Mexico,Tottus,Huawei,Claro,175,31,450,13950
12/22/2020,El Salvador,Tottus,Huawei,Movistar,175,20,450,9000
6/25/2018,Argentina,Tottus,Huawei,Movistar,175,28,450,12600
12/13/2018,Venezuela,Tottus,Huawei,Entel,175,70,450,31500
10/15/2021,Ireland,Tottus,Huawei,Claro,175,43,450,19350
9/21/2021,Bolivia,Tottus,Huawei,Movistar,175,29,450,13050
1/26/2021,United Kingdom,Tottus,Huawei,Claro,175,96,450,43200
7/21/2018,Argentina,Tottus,Huawei,Movistar,175,23,450,10350
6/18/2020,Jamaica,Tottus,Huawei,Tuenti,175,44,450,19800
10/12/2021,Guatemala,Tottus,Huawei,Entel,175,17,450,7650
8/21/2021,Venezuela,Tottus,Huawei,Bitel,175,143,450,64350
2/17/2019,USA,Tottus,Huawei,Claro,175,32,450,14400
8/20/2021,Canada,Tottus,Huawei,Claro,175,118,450,53100
6/7/2019,Colombia,Tottus,Huawei,Entel,175,130,450,58500
10/12/2021,Guatemala,Tottus,Huawei,Movistar,175,59,450,26550
4/8/2019,Venezuela,Tottus,Huawei,Entel,175,28,450,12600
2/26/2019,United Kingdom,Tottus,Huawei,Entel,175,199,450,89550
9/6/2020,Ireland,Tottus,Huawei,Tuenti,175,33,450,14850
5/16/2021,Venezuela,Tottus,Huawei,Bitel,175,122,450,54900
2/4/2021,El Salvador,Tottus,Huawei,Tuenti,175,273,450,122850
5/20/2021,Canada,Tottus,Huawei,Claro,175,14,450,6300
2/21/2020,Guatemala,Tottus,Huawei,Entel,175,34,450,15300
8/2/2019,Guatemala,Tottus,Huawei,Claro,175,52,450,23400
1/5/2020,Venezuela,Tottus,Huawei,Tuenti,175,103,450,46350
12/31/2021,Peru,Tottus,Huawei,Entel,175,140,450,63000
2/24/2019,Canada,Tottus,Huawei,Movistar,175,20,450,9000
3/31/2021,Ireland,Tottus,Huawei,Bitel,175,47,450,21150
5/20/2021,Cuba,Tottus,Huawei,Claro,175,14,450,6300
4/23/2021,Paraguay,Tottus,Huawei,Movistar,175,46,450,20700
7/6/2018,El Salvador,Tottus,Huawei,Tuenti,175,130,450,58500
4/16/2019,United Kingdom,Tottus,Huawei,Entel,175,106,450,47700
9/5/2019,Paraguay,Tottus,Huawei,Tuenti,175,28,450,12600
8/3/2018,Uruguay,Tottus,Huawei,Bitel,175,75,450,33750
8/15/2020,Mexico,Tottus,Huawei,Entel,175,88,450,39600
12/3/2020,Brasil,Tottus,Huawei,Tuenti,175,26,450,11700
3/13/2020,Cuba,Tottus,Huawei,Bitel,175,30,450,13500
8/16/2018,Paraguay,Tottus,Huawei,Claro,175,116,450,52200
12/2/2020,Chile,Tottus,Huawei,Bitel,175,8,450,3600
5/8/2021,France,Ripley,LG,Claro,550,39,800,31200
4/18/2020,Switzerland,Metro,LG,Claro,550,29,800,23200
1/12/2018,Guatemala,Metro,LG,Claro,550,56,800,44800
10/10/2018,El Salvador,Saga Falabella,LG,Claro,550,5,800,4000
10/1/2021,El Salvador,Plaza Vea,LG,Claro,550,45,800,36000
4/20/2020,Chile,Tottus,LG,Claro,550,38,800,30400
10/8/2021,Denmark,Ripley,LG,Claro,550,17,800,13600
1/31/2020,Uruguay,Plaza Vea,LG,Claro,550,12,800,9600
9/25/2021,Germany,Saga Falabella,LG,Claro,550,18,800,14400
10/4/2020,Uruguay,Ripley,LG,Claro,550,3,800,2400
1/12/2019,Portugal,Saga Falabella,LG,Claro,550,13,800,10400
3/23/2020,Bolivia,Plaza Vea,LG,Claro,550,34,800,27200
3/23/2021,El Salvador,Saga Falabella,LG,Claro,550,19,800,15200
8/8/2019,Denmark,Oeschle,LG,Claro,550,17,800,13600
5/9/2019,Brasil,Ripley,LG,Claro,550,21,800,16800
7/10/2018,Cuba,Plaza Vea,LG,Claro,550,30,800,24000
4/20/2018,Peru,Oeschle,LG,Claro,550,64,800,51200
10/28/2021,Brasil,Ripley,LG,Claro,550,7,800,5600
9/3/2021,Brasil,Plaza Vea,LG,Claro,550,78,800,62400
8/12/2018,Cuba,Plaza Vea,LG,Claro,550,26,800,20800
6/1/2019,Uruguay,Saga Falabella,LG,Claro,550,8,800,6400
3/16/2021,Guatemala,Oeschle,LG,Claro,550,18,800,14400
6/19/2020,Chile,Metro,LG,Claro,550,39,800,31200
12/22/2019,United Kingdom,Oeschle,LG,Claro,550,18,800,14400
5/14/2021,Venezuela,Ripley,LG,Claro,550,15,800,12000
6/5/2019,Cuba,Plaza Vea,LG,Claro,550,17,800,13600
12/18/2021,Argentina,Tottus,LG,Claro,550,87,800,69600
1/1/2020,Argentina,Oeschle,LG,Claro,550,1,800,800
3/4/2018,Argentina,Plaza Vea,LG,Claro,550,57,800,45600
10/19/2021,USA,Ripley,LG,Claro,550,26,800,20800
12/27/2018,Portugal,Metro,LG,Claro,550,36,800,28800
6/5/2018,Germany,Oeschle,LG,Claro,550,69,800,55200
10/15/2018,United Kingdom,Metro,LG,Claro,550,7,800,5600
6/29/2019,Spain,Saga Falabella,LG,Claro,550,4,800,3200
10/17/2019,France,Tottus,LG,Claro,550,1,800,800
7/8/2018,Mexico,Ripley,LG,Claro,550,29,800,23200
1/7/2021,El Salvador,Tottus,LG,Claro,550,67,800,53600
11/7/2021,United Kingdom,Tottus,LG,Claro,550,116,800,92800
8/9/2018,Peru,Tottus,LG,Claro,550,52,800,41600
12/7/2021,Guatemala,Metro,LG,Claro,550,30,800,24000
9/9/2019,Germany,Oeschle,LG,Claro,550,41,800,32800
9/6/2019,Canada,Plaza Vea,LG,Claro,550,70,800,56000
8/4/2019,Cuba,Metro,LG,Claro,550,4,800,3200
8/14/2018,Jamaica,Plaza Vea,LG,Claro,550,58,800,46400
3/18/2019,Denmark,Plaza Vea,LG,Claro,550,22,800,17600
9/5/2021,United Kingdom,Saga Falabella,LG,Claro,550,18,800,14400
12/30/2020,Germany,Oeschle,LG,Claro,550,79,800,63200
7/29/2021,Venezuela,Saga Falabella,LG,Claro,550,12,800,9600
12/30/2018,Jamaica,Tottus,LG,Claro,550,97,800,77600
8/28/2021,United Kingdom,Oeschle,LG,Claro,550,52,800,41600
12/29/2021,El Salvador,Tottus,LG,Claro,550,29,800,23200
9/25/2020,Denmark,Plaza Vea,LG,Claro,550,79,800,63200
4/29/2021,El Salvador,Oeschle,LG,Claro,550,63,800,50400
5/26/2021,Spain,Tottus,LG,Claro,550,45,800,36000
7/2/2021,Bolivia,Saga Falabella,LG,Claro,550,2,800,1600
10/3/2021,Guatemala,Plaza Vea,LG,Claro,550,44,800,35200
7/15/2018,Brasil,Plaza Vea,LG,Claro,550,1,800,800
11/24/2021,Peru,Tottus,LG,Claro,550,76,800,60800
7/5/2020,Guatemala,Tottus,LG,Claro,550,86,800,68800
9/8/2018,Switzerland,Ripley,LG,Claro,550,32,800,25600
1/5/2019,Ireland,Plaza Vea,LG,Claro,550,49,800,39200
11/23/2021,Bolivia,Tottus,LG,Claro,550,82,800,65600
10/6/2021,Denmark,Tottus,LG,Claro,550,26,800,20800
3/23/2020,Colombia,Ripley,LG,Claro,550,28,800,22400
11/11/2020,Brasil,Metro,LG,Claro,550,55,800,44000
4/22/2021,Spain,Ripley,LG,Claro,550,17,800,13600
12/7/2019,Jamaica,Metro,LG,Claro,550,52,800,41600
8/31/2021,Germany,Plaza Vea,LG,Claro,550,20,800,16000
6/23/2019,Brasil,Oeschle,LG,Claro,550,49,800,39200
4/19/2019,Brasil,Tottus,LG,Claro,550,16,800,12800
9/13/2021,Canada,Plaza Vea,LG,Claro,550,27,800,21600
1/22/2019,France,Oeschle,LG,Claro,550,84,800,67200
4/5/2018,Denmark,Metro,LG,Claro,550,21,800,16800
3/12/2021,Bolivia,Oeschle,LG,Claro,550,70,800,56000
10/17/2021,Argentina,Tottus,LG,Claro,550,12,800,9600
9/15/2018,Canada,Ripley,LG,Claro,550,38,800,30400
11/30/2018,USA,Metro,LG,Claro,550,45,800,36000
2/14/2019,Canada,Metro,LG,Claro,550,34,800,27200
8/19/2018,Ireland,Metro,LG,Claro,550,29,800,23200
10/25/2018,Bolivia,Plaza Vea,LG,Claro,550,38,800,30400
11/27/2021,Colombia,Plaza Vea,LG,Claro,550,19,800,15200
4/28/2019,Ireland,Metro,LG,Claro,550,1,800,800
7/10/2021,Venezuela,Plaza Vea,LG,Claro,550,53,800,42400
8/16/2021,Chile,Tottus,LG,Claro,550,94,800,75200
1/7/2021,Germany,Saga Falabella,LG,Claro,550,3,800,2400
9/8/2019,Guatemala,Ripley,LG,Claro,550,5,800,4000
8/7/2019,Brasil,Metro,LG,Claro,550,24,800,19200
9/15/2021,Switzerland,Plaza Vea,LG,Claro,550,40,800,32000
10/10/2020,Argentina,Ripley,LG,Claro,550,7,800,5600
3/3/2021,Ireland,Metro,LG,Claro,550,18,800,14400
12/29/2021,Ireland,Saga Falabella,LG,Claro,550,13,800,10400
5/8/2021,France,Ripley,LG,Claro,550,39,800,31200
4/18/2020,Switzerland,Metro,LG,Claro,550,29,800,23200
1/12/2018,Guatemala,Metro,LG,Claro,550,56,800,44800
10/10/2018,El Salvador,Saga Falabella,LG,Claro,550,5,800,4000
10/1/2021,El Salvador,Plaza Vea,LG,Claro,550,45,800,36000
4/20/2020,Chile,Tottus,LG,Claro,550,38,800,30400
10/8/2021,Denmark,Ripley,LG,Claro,550,17,800,13600
1/31/2020,Uruguay,Plaza Vea,LG,Claro,550,12,800,9600
9/25/2021,Germany,Saga Falabella,LG,Claro,550,18,800,14400
10/4/2020,Uruguay,Ripley,LG,Claro,550,3,800,2400
1/12/2019,Portugal,Saga Falabella,LG,Claro,550,13,800,10400
3/23/2020,Bolivia,Plaza Vea,LG,Claro,550,34,800,27200
3/23/2021,El Salvador,Saga Falabella,LG,Claro,550,19,800,15200
8/8/2019,Denmark,Oeschle,LG,Claro,550,17,800,13600
5/9/2019,Brasil,Ripley,LG,Claro,550,21,800,16800
7/10/2018,Cuba,Plaza Vea,LG,Claro,550,30,800,24000
4/20/2018,Peru,Oeschle,LG,Claro,550,64,800,51200
10/28/2021,Brasil,Ripley,LG,Claro,550,7,800,5600
9/3/2021,Brasil,Plaza Vea,LG,Claro,550,78,800,62400
8/12/2018,Cuba,Plaza Vea,LG,Claro,550,26,800,20800
6/1/2019,Uruguay,Saga Falabella,LG,Claro,550,8,800,6400
3/16/2021,Guatemala,Oeschle,LG,Claro,550,18,800,14400
6/19/2020,Chile,Metro,LG,Claro,550,39,800,31200
12/22/2019,United Kingdom,Oeschle,LG,Claro,550,18,800,14400
5/14/2021,Venezuela,Ripley,LG,Claro,550,15,800,12000
6/5/2019,Cuba,Plaza Vea,LG,Claro,550,17,800,13600
12/18/2021,Argentina,Tottus,LG,Claro,550,87,800,69600
1/1/2020,Argentina,Oeschle,LG,Claro,550,1,800,800
3/4/2018,Argentina,Plaza Vea,LG,Claro,550,57,800,45600
10/19/2021,USA,Ripley,LG,Claro,550,26,800,20800
12/27/2018,Portugal,Metro,LG,Claro,550,36,800,28800
6/5/2018,Germany,Oeschle,LG,Claro,550,69,800,55200
10/15/2018,United Kingdom,Metro,LG,Claro,550,7,800,5600
6/29/2019,Spain,Saga Falabella,LG,Claro,550,4,800,3200
10/17/2019,France,Tottus,LG,Claro,550,1,800,800
7/8/2018,Mexico,Ripley,LG,Claro,550,29,800,23200
1/7/2021,El Salvador,Tottus,LG,Claro,550,67,800,53600
11/7/2021,United Kingdom,Tottus,LG,Claro,550,116,800,92800
8/9/2018,Peru,Tottus,LG,Claro,550,52,800,41600
12/7/2021,Guatemala,Metro,LG,Claro,550,30,800,24000
9/9/2019,Germany,Oeschle,LG,Claro,550,41,800,32800
9/6/2019,Canada,Plaza Vea,LG,Claro,550,70,800,56000
8/4/2019,Cuba,Metro,LG,Claro,550,4,800,3200
8/14/2018,Jamaica,Plaza Vea,LG,Claro,550,58,800,46400
3/18/2019,Denmark,Plaza Vea,LG,Claro,550,22,800,17600
9/5/2021,United Kingdom,Saga Falabella,LG,Claro,550,18,800,14400
12/30/2020,Germany,Oeschle,LG,Claro,550,79,800,63200
7/29/2021,Venezuela,Saga Falabella,LG,Claro,550,12,800,9600
12/30/2018,Jamaica,Tottus,LG,Claro,550,97,800,77600
8/28/2021,United Kingdom,Oeschle,LG,Claro,550,52,800,41600
12/29/2021,El Salvador,Tottus,LG,Claro,550,29,800,23200
9/25/2020,Denmark,Plaza Vea,LG,Claro,550,79,800,63200
4/29/2021,El Salvador,Oeschle,LG,Claro,550,63,800,50400
5/26/2021,Spain,Tottus,LG,Claro,550,45,800,36000
7/2/2021,Bolivia,Saga Falabella,LG,Claro,550,2,800,1600
10/3/2021,Guatemala,Plaza Vea,LG,Claro,550,44,800,35200
7/15/2018,Brasil,Plaza Vea,LG,Claro,550,1,800,800
11/24/2021,Peru,Tottus,LG,Claro,550,76,800,60800
7/5/2020,Guatemala,Tottus,LG,Claro,550,86,800,68800
9/8/2018,Switzerland,Ripley,LG,Claro,550,32,800,25600
1/5/2019,Ireland,Plaza Vea,LG,Claro,550,49,800,39200
11/23/2021,Bolivia,Tottus,LG,Claro,550,82,800,65600
10/6/2021,Denmark,Tottus,LG,Claro,550,26,800,20800
3/23/2020,Colombia,Ripley,LG,Claro,550,28,800,22400
11/11/2020,Brasil,Metro,LG,Claro,550,55,800,44000
4/22/2021,Spain,Ripley,LG,Claro,550,17,800,13600
12/7/2019,Jamaica,Metro,LG,Claro,550,52,800,41600
8/31/2021,Germany,Plaza Vea,LG,Claro,550,20,800,16000
6/23/2019,Brasil,Oeschle,LG,Claro,550,49,800,39200
4/19/2019,Brasil,Tottus,LG,Claro,550,16,800,12800
9/13/2021,Canada,Plaza Vea,LG,Claro,550,27,800,21600
1/22/2019,France,Oeschle,LG,Claro,550,84,800,67200
4/5/2018,Denmark,Metro,LG,Claro,550,21,800,16800
3/12/2021,Bolivia,Oeschle,LG,Claro,550,70,800,56000
10/17/2021,Argentina,Tottus,LG,Claro,550,12,800,9600
9/15/2018,Canada,Ripley,LG,Claro,550,38,800,30400
11/30/2018,USA,Metro,LG,Claro,550,45,800,36000
2/14/2019,Canada,Metro,LG,Claro,550,34,800,27200
8/19/2018,Ireland,Metro,LG,Claro,550,29,800,23200
10/25/2018,Bolivia,Plaza Vea,LG,Claro,550,38,800,30400
11/27/2021,Colombia,Plaza Vea,LG,Claro,550,19,800,15200
4/28/2019,Ireland,Metro,LG,Claro,550,1,800,800
7/10/2021,Venezuela,Plaza Vea,LG,Claro,550,53,800,42400
8/16/2021,Chile,Tottus,LG,Claro,550,94,800,75200
1/7/2021,Germany,Saga Falabella,LG,Claro,550,3,800,2400
9/8/2019,Guatemala,Ripley,LG,Claro,550,5,800,4000
8/7/2019,Brasil,Metro,LG,Claro,550,24,800,19200
9/15/2021,Switzerland,Plaza Vea,LG,Claro,550,40,800,32000
10/10/2020,Argentina,Ripley,LG,Claro,550,7,800,5600
3/3/2021,Ireland,Metro,LG,Claro,550,18,800,14400
12/29/2021,Ireland,Saga Falabella,LG,Claro,550,13,800,10400
6/16/2020,United Kingdom,Oeschle,LG,Bitel,550,46,800,36800
6/22/2018,Spain,Saga Falabella,LG,Bitel,550,19,800,15200
5/8/2021,Jamaica,Ripley,LG,Bitel,550,51,800,40800
2/3/2021,Colombia,Tottus,LG,Bitel,550,14,800,11200
6/10/2021,Colombia,Tottus,LG,Bitel,550,16,800,12800
3/21/2021,Jamaica,Ripley,LG,Bitel,550,56,800,44800
7/10/2019,Uruguay,Metro,LG,Bitel,550,46,800,36800
5/21/2020,Germany,Plaza Vea,LG,Bitel,550,64,800,51200
2/18/2021,USA,Tottus,LG,Bitel,550,43,800,34400
5/4/2020,USA,Saga Falabella,LG,Bitel,550,21,800,16800
10/28/2020,Venezuela,Ripley,LG,Bitel,550,9,800,7200
9/26/2021,Canada,Metro,LG,Bitel,550,77,800,61600
7/29/2019,Colombia,Metro,LG,Bitel,550,50,800,40000
10/26/2019,Peru,Ripley,LG,Bitel,550,9,800,7200
6/7/2021,Canada,Saga Falabella,LG,Bitel,550,20,800,16000
9/22/2018,Paraguay,Metro,LG,Bitel,550,3,800,2400
3/8/2021,Brasil,Saga Falabella,LG,Bitel,550,20,800,16000
6/15/2019,USA,Oeschle,LG,Bitel,550,20,800,16000
7/21/2018,France,Ripley,LG,Bitel,550,49,800,39200
12/10/2021,Ireland,Oeschle,LG,Bitel,550,121,800,96800
9/24/2021,Bolivia,Tottus,LG,Bitel,550,128,800,102400
7/26/2019,Cuba,Plaza Vea,LG,Bitel,550,21,800,16800
8/21/2020,Argentina,Tottus,LG,Bitel,550,91,800,72800
3/31/2019,Bolivia,Ripley,LG,Bitel,550,19,800,15200
2/14/2021,Colombia,Saga Falabella,LG,Bitel,550,27,800,21600
8/21/2019,USA,Saga Falabella,LG,Bitel,550,23,800,18400
5/12/2021,Spain,Metro,LG,Bitel,550,67,800,53600
6/2/2018,El Salvador,Plaza Vea,LG,Bitel,550,97,800,77600
4/16/2018,Switzerland,Ripley,LG,Bitel,550,31,800,24800
1/15/2021,USA,Plaza Vea,LG,Bitel,550,8,800,6400
1/4/2019,Paraguay,Plaza Vea,LG,Bitel,550,112,800,89600
3/12/2020,Cuba,Plaza Vea,LG,Bitel,550,15,800,12000
12/19/2020,Cuba,Oeschle,LG,Bitel,550,140,800,112000
3/18/2021,Portugal,Ripley,LG,Bitel,550,51,800,40800
7/27/2018,Jamaica,Saga Falabella,LG,Bitel,550,18,800,14400
4/15/2019,Mexico,Tottus,LG,Bitel,550,115,800,92000
10/31/2019,Mexico,Ripley,LG,Bitel,550,34,800,27200
10/9/2020,El Salvador,Ripley,LG,Bitel,550,51,800,40800
9/19/2019,Germany,Saga Falabella,LG,Bitel,550,14,800,11200
6/3/2020,Mexico,Oeschle,LG,Bitel,550,134,800,107200
7/29/2021,Jamaica,Tottus,LG,Bitel,550,15,800,12000
5/10/2021,Colombia,Tottus,LG,Bitel,550,161,800,128800
7/10/2019,Switzerland,Tottus,LG,Bitel,550,87,800,69600
2/2/2019,Bolivia,Tottus,LG,Bitel,550,135,800,108000
1/20/2019,Peru,Oeschle,LG,Bitel,550,82,800,65600
1/9/2021,Uruguay,Plaza Vea,LG,Bitel,550,11,800,8800
7/25/2020,Paraguay,Metro,LG,Bitel,550,37,800,29600
4/25/2020,Germany,Saga Falabella,LG,Bitel,550,7,800,5600
9/3/2019,El Salvador,Oeschle,LG,Bitel,550,12,800,9600
11/18/2019,Mexico,Metro,LG,Bitel,550,41,800,32800
7/26/2018,Paraguay,Oeschle,LG,Bitel,550,75,800,60000
4/6/2018,Denmark,Tottus,LG,Bitel,550,174,800,139200
11/13/2018,Jamaica,Oeschle,LG,Bitel,550,1,800,800
6/7/2018,Spain,Plaza Vea,LG,Bitel,550,54,800,43200
1/21/2021,Uruguay,Plaza Vea,LG,Bitel,550,26,800,20800
3/27/2021,Bolivia,Tottus,LG,Bitel,550,156,800,124800
8/10/2018,Germany,Plaza Vea,LG,Bitel,550,70,800,56000
5/25/2021,Jamaica,Oeschle,LG,Bitel,550,115,800,92000
12/20/2019,Argentina,Tottus,LG,Bitel,550,59,800,47200
4/10/2021,Chile,Oeschle,LG,Bitel,550,60,800,48000
4/14/2021,Mexico,Oeschle,LG,Bitel,550,78,800,62400
4/18/2018,Paraguay,Ripley,LG,Bitel,550,48,800,38400
8/31/2018,Spain,Oeschle,LG,Bitel,550,12,800,9600
3/9/2021,Uruguay,Tottus,LG,Bitel,550,169,800,135200
6/14/2021,France,Tottus,LG,Bitel,550,81,800,64800
8/22/2021,Peru,Tottus,LG,Bitel,550,19,800,15200
11/20/2018,France,Metro,LG,Bitel,550,9,800,7200
6/17/2020,Peru,Ripley,LG,Bitel,550,15,800,12000
3/12/2021,Argentina,Metro,LG,Bitel,550,24,800,19200
6/26/2020,Mexico,Tottus,LG,Bitel,550,93,800,74400
9/5/2021,France,Oeschle,LG,Bitel,550,91,800,72800
2/2/2019,Cuba,Plaza Vea,LG,Bitel,550,93,800,74400
10/26/2019,Germany,Tottus,LG,Bitel,550,62,800,49600
8/21/2021,Bolivia,Metro,LG,Bitel,550,89,800,71200
9/8/2020,Chile,Saga Falabella,LG,Bitel,550,12,800,9600
5/16/2021,Brasil,Plaza Vea,LG,Bitel,550,23,800,18400
3/12/2019,Spain,Ripley,LG,Bitel,550,16,800,12800
8/25/2018,Uruguay,Oeschle,LG,Bitel,550,126,800,100800
4/21/2020,Guatemala,Metro,LG,Bitel,550,51,800,40800
2/7/2019,USA,Metro,LG,Bitel,550,74,800,59200
10/6/2021,Bolivia,Saga Falabella,LG,Bitel,550,13,800,10400
6/16/2020,United Kingdom,Oeschle,LG,Bitel,550,46,800,36800
6/22/2018,Spain,Saga Falabella,LG,Bitel,550,19,800,15200
5/8/2021,Jamaica,Ripley,LG,Bitel,550,51,800,40800
2/3/2021,Colombia,Tottus,LG,Bitel,550,14,800,11200
6/10/2021,Colombia,Tottus,LG,Bitel,550,16,800,12800
3/21/2021,Jamaica,Ripley,LG,Bitel,550,56,800,44800
7/10/2019,Uruguay,Metro,LG,Bitel,550,46,800,36800
5/21/2020,Germany,Plaza Vea,LG,Bitel,550,64,800,51200
2/18/2021,USA,Tottus,LG,Bitel,550,43,800,34400
5/4/2020,USA,Saga Falabella,LG,Bitel,550,21,800,16800
10/28/2020,Venezuela,Ripley,LG,Bitel,550,9,800,7200
9/26/2021,Canada,Metro,LG,Bitel,550,77,800,61600
7/29/2019,Colombia,Metro,LG,Bitel,550,50,800,40000
10/26/2019,Peru,Ripley,LG,Bitel,550,9,800,7200
6/7/2021,Canada,Saga Falabella,LG,Bitel,550,20,800,16000
9/22/2018,Paraguay,Metro,LG,Bitel,550,3,800,2400
3/8/2021,Brasil,Saga Falabella,LG,Bitel,550,20,800,16000
6/15/2019,USA,Oeschle,LG,Bitel,550,20,800,16000
7/21/2018,France,Ripley,LG,Bitel,550,49,800,39200
12/10/2021,Ireland,Oeschle,LG,Bitel,550,121,800,96800
9/24/2021,Bolivia,Tottus,LG,Bitel,550,128,800,102400
7/26/2019,Cuba,Plaza Vea,LG,Bitel,550,21,800,16800
8/21/2020,Argentina,Tottus,LG,Bitel,550,91,800,72800
3/31/2019,Bolivia,Ripley,LG,Bitel,550,19,800,15200
2/14/2021,Colombia,Saga Falabella,LG,Bitel,550,27,800,21600
8/21/2019,USA,Saga Falabella,LG,Bitel,550,23,800,18400
5/12/2021,Spain,Metro,LG,Bitel,550,67,800,53600
6/2/2018,El Salvador,Plaza Vea,LG,Bitel,550,97,800,77600
4/16/2018,Switzerland,Ripley,LG,Bitel,550,31,800,24800
1/15/2021,USA,Plaza Vea,LG,Bitel,550,8,800,6400
1/4/2019,Paraguay,Plaza Vea,LG,Bitel,550,112,800,89600
3/12/2020,Cuba,Plaza Vea,LG,Bitel,550,15,800,12000
12/19/2020,Cuba,Oeschle,LG,Bitel,550,140,800,112000
3/18/2021,Portugal,Ripley,LG,Bitel,550,51,800,40800
7/27/2018,Jamaica,Saga Falabella,LG,Bitel,550,18,800,14400
4/15/2019,Mexico,Tottus,LG,Bitel,550,115,800,92000
10/31/2019,Mexico,Ripley,LG,Bitel,550,34,800,27200
10/9/2020,El Salvador,Ripley,LG,Bitel,550,51,800,40800
9/19/2019,Germany,Saga Falabella,LG,Bitel,550,14,800,11200
6/3/2020,Mexico,Oeschle,LG,Bitel,550,134,800,107200
7/29/2021,Jamaica,Tottus,LG,Bitel,550,15,800,12000
5/10/2021,Colombia,Tottus,LG,Bitel,550,161,800,128800
7/10/2019,Switzerland,Tottus,LG,Bitel,550,87,800,69600
2/2/2019,Bolivia,Tottus,LG,Bitel,550,135,800,108000
1/20/2019,Peru,Oeschle,LG,Bitel,550,82,800,65600
1/9/2021,Uruguay,Plaza Vea,LG,Bitel,550,11,800,8800
7/25/2020,Paraguay,Metro,LG,Bitel,550,37,800,29600
4/25/2020,Germany,Saga Falabella,LG,Bitel,550,7,800,5600
9/3/2019,El Salvador,Oeschle,LG,Bitel,550,12,800,9600
11/18/2019,Mexico,Metro,LG,Bitel,550,41,800,32800
7/26/2018,Paraguay,Oeschle,LG,Bitel,550,75,800,60000
4/6/2018,Denmark,Tottus,LG,Bitel,550,174,800,139200
11/13/2018,Jamaica,Oeschle,LG,Bitel,550,1,800,800
6/7/2018,Spain,Plaza Vea,LG,Bitel,550,54,800,43200
1/21/2021,Uruguay,Plaza Vea,LG,Bitel,550,26,800,20800
3/27/2021,Bolivia,Tottus,LG,Bitel,550,156,800,124800
8/10/2018,Germany,Plaza Vea,LG,Bitel,550,70,800,56000
5/25/2021,Jamaica,Oeschle,LG,Bitel,550,115,800,92000
12/20/2019,Argentina,Tottus,LG,Bitel,550,59,800,47200
4/10/2021,Chile,Oeschle,LG,Bitel,550,60,800,48000
4/14/2021,Mexico,Oeschle,LG,Bitel,550,78,800,62400
4/18/2018,Paraguay,Ripley,LG,Bitel,550,48,800,38400
8/31/2018,Spain,Oeschle,LG,Bitel,550,12,800,9600
3/9/2021,Uruguay,Tottus,LG,Bitel,550,169,800,135200
6/14/2021,France,Tottus,LG,Bitel,550,81,800,64800
8/22/2021,Peru,Tottus,LG,Bitel,550,19,800,15200
11/20/2018,France,Metro,LG,Bitel,550,9,800,7200
6/17/2020,Peru,Ripley,LG,Bitel,550,15,800,12000
3/12/2021,Argentina,Metro,LG,Bitel,550,24,800,19200
6/26/2020,Mexico,Tottus,LG,Bitel,550,93,800,74400
9/5/2021,France,Oeschle,LG,Bitel,550,91,800,72800
2/2/2019,Cuba,Plaza Vea,LG,Bitel,550,93,800,74400
10/26/2019,Germany,Tottus,LG,Bitel,550,62,800,49600
8/21/2021,Bolivia,Metro,LG,Bitel,550,89,800,71200
9/8/2020,Chile,Saga Falabella,LG,Bitel,550,12,800,9600
5/16/2021,Brasil,Plaza Vea,LG,Bitel,550,23,800,18400
3/12/2019,Spain,Ripley,LG,Bitel,550,16,800,12800
8/25/2018,Uruguay,Oeschle,LG,Bitel,550,126,800,100800
4/21/2020,Guatemala,Metro,LG,Bitel,550,51,800,40800
2/7/2019,USA,Metro,LG,Bitel,550,74,800,59200
10/6/2021,Bolivia,Saga Falabella,LG,Bitel,550,13,800,10400
6/15/2018,El Salvador,Ripley,LG,Tuenti,550,98,800,78400
2/15/2021,Portugal,Ripley,LG,Tuenti,550,63,800,50400
9/21/2019,Peru,Tottus,LG,Tuenti,550,99,800,79200
5/6/2021,Venezuela,Tottus,LG,Tuenti,550,6,800,4800
8/10/2021,Argentina,Plaza Vea,LG,Tuenti,550,118,800,94400
4/26/2020,Portugal,Oeschle,LG,Tuenti,550,140,800,112000
7/8/2019,Canada,Tottus,LG,Tuenti,550,214,800,171200
10/1/2020,Mexico,Ripley,LG,Tuenti,550,10,800,8000
12/31/2021,Paraguay,Oeschle,LG,Tuenti,550,63,800,50400
2/24/2021,Ireland,Plaza Vea,LG,Tuenti,550,106,800,84800
3/30/2019,Peru,Ripley,LG,Tuenti,550,47,800,37600
9/8/2019,Ireland,Ripley,LG,Tuenti,550,90,800,72000
3/12/2019,Peru,Plaza Vea,LG,Tuenti,550,91,800,72800
9/20/2021,Germany,Tottus,LG,Tuenti,550,27,800,21600
8/15/2020,Germany,Oeschle,LG,Tuenti,550,26,800,20800
7/4/2021,El Salvador,Ripley,LG,Tuenti,550,34,800,27200
3/16/2018,Chile,Saga Falabella,LG,Tuenti,550,19,800,15200
5/30/2021,Spain,Saga Falabella,LG,Tuenti,550,6,800,4800
3/7/2019,Ireland,Oeschle,LG,Tuenti,550,34,800,27200
2/6/2021,Peru,Oeschle,LG,Tuenti,550,175,800,140000
2/9/2019,Switzerland,Ripley,LG,Tuenti,550,81,800,64800
6/5/2021,Switzerland,Ripley,LG,Tuenti,550,98,800,78400
7/27/2021,Switzerland,Saga Falabella,LG,Tuenti,550,44,800,35200
10/18/2018,United Kingdom,Tottus,LG,Tuenti,550,267,800,213600
5/21/2021,Cuba,Tottus,LG,Tuenti,550,10,800,8000
9/7/2019,Spain,Tottus,LG,Tuenti,550,139,800,111200
8/31/2018,Argentina,Metro,LG,Tuenti,550,107,800,85600
8/2/2019,Argentina,Oeschle,LG,Tuenti,550,208,800,166400
8/7/2018,USA,Metro,LG,Tuenti,550,81,800,64800
3/3/2020,Germany,Oeschle,LG,Tuenti,550,6,800,4800
1/15/2021,Peru,Oeschle,LG,Tuenti,550,219,800,175200
11/20/2019,Canada,Tottus,LG,Tuenti,550,1,800,800
6/17/2018,Jamaica,Plaza Vea,LG,Tuenti,550,35,800,28000
12/4/2021,Spain,Metro,LG,Tuenti,550,40,800,32000
1/11/2021,USA,Saga Falabella,LG,Tuenti,550,49,800,39200
9/11/2018,Colombia,Metro,LG,Tuenti,550,88,800,70400
3/10/2021,Denmark,Oeschle,LG,Tuenti,550,88,800,70400
7/26/2021,Cuba,Oeschle,LG,Tuenti,550,220,800,176000
9/1/2018,France,Plaza Vea,LG,Tuenti,550,141,800,112800
12/8/2021,United Kingdom,Saga Falabella,LG,Tuenti,550,46,800,36800
7/27/2019,Denmark,Tottus,LG,Tuenti,550,61,800,48800
7/4/2021,Switzerland,Metro,LG,Tuenti,550,148,800,118400
3/5/2021,Brasil,Plaza Vea,LG,Tuenti,550,60,800,48000
11/17/2021,Argentina,Metro,LG,Tuenti,550,15,800,12000
2/1/2020,United Kingdom,Saga Falabella,LG,Tuenti,550,6,800,4800
7/27/2019,Ireland,Tottus,LG,Tuenti,550,31,800,24800
4/28/2021,United Kingdom,Tottus,LG,Tuenti,550,149,800,119200
12/14/2019,Ireland,Metro,LG,Tuenti,550,149,800,119200
9/5/2020,El Salvador,Oeschle,LG,Tuenti,550,171,800,136800
12/21/2019,USA,Metro,LG,Tuenti,550,98,800,78400
2/28/2021,Ireland,Tottus,LG,Tuenti,550,212,800,169600
3/27/2019,Canada,Saga Falabella,LG,Tuenti,550,42,800,33600
8/6/2020,Jamaica,Oeschle,LG,Tuenti,550,211,800,168800
5/12/2020,El Salvador,Ripley,LG,Tuenti,550,83,800,66400
10/4/2019,Guatemala,Tottus,LG,Tuenti,550,44,800,35200
10/17/2021,Paraguay,Saga Falabella,LG,Tuenti,550,31,800,24800
1/2/2021,Spain,Plaza Vea,LG,Tuenti,550,51,800,40800
9/3/2019,Chile,Oeschle,LG,Tuenti,550,135,800,108000
8/16/2019,Switzerland,Ripley,LG,Tuenti,550,58,800,46400
2/13/2021,Colombia,Tottus,LG,Tuenti,550,143,800,114400
9/8/2018,Bolivia,Ripley,LG,Tuenti,550,18,800,14400
7/16/2021,Mexico,Metro,LG,Tuenti,550,2,800,1600
7/7/2018,United Kingdom,Saga Falabella,LG,Tuenti,550,14,800,11200
1/23/2021,Bolivia,Oeschle,LG,Tuenti,550,42,800,33600
3/28/2021,Canada,Plaza Vea,LG,Tuenti,550,191,800,152800
11/17/2021,Portugal,Tottus,LG,Tuenti,550,25,800,20000
1/21/2018,USA,Saga Falabella,LG,Tuenti,550,8,800,6400
1/26/2021,Ireland,Plaza Vea,LG,Tuenti,550,133,800,106400
4/19/2020,Mexico,Metro,LG,Tuenti,550,23,800,18400
12/21/2018,Canada,Saga Falabella,LG,Tuenti,550,24,800,19200
5/13/2021,Colombia,Ripley,LG,Tuenti,550,51,800,40800
12/7/2019,USA,Tottus,LG,Tuenti,550,68,800,54400
2/3/2018,Switzerland,Tottus,LG,Tuenti,550,28,800,22400
10/24/2021,Jamaica,Metro,LG,Tuenti,550,35,800,28000
11/11/2018,Ireland,Tottus,LG,Tuenti,550,199,800,159200
6/15/2018,El Salvador,Ripley,LG,Tuenti,550,98,800,78400
2/15/2021,Portugal,Ripley,LG,Tuenti,550,63,800,50400
9/21/2019,Peru,Tottus,LG,Tuenti,550,99,800,79200
5/6/2021,Venezuela,Tottus,LG,Tuenti,550,6,800,4800
8/10/2021,Argentina,Plaza Vea,LG,Tuenti,550,118,800,94400
4/26/2020,Portugal,Oeschle,LG,Tuenti,550,140,800,112000
7/8/2019,Canada,Tottus,LG,Tuenti,550,214,800,171200
10/1/2020,Mexico,Ripley,LG,Tuenti,550,10,800,8000
12/31/2021,Paraguay,Oeschle,LG,Tuenti,550,63,800,50400
2/24/2021,Ireland,Plaza Vea,LG,Tuenti,550,106,800,84800
3/30/2019,Peru,Ripley,LG,Tuenti,550,47,800,37600
9/8/2019,Ireland,Ripley,LG,Tuenti,550,90,800,72000
3/12/2019,Peru,Plaza Vea,LG,Tuenti,550,91,800,72800
9/20/2021,Germany,Tottus,LG,Tuenti,550,27,800,21600
8/15/2020,Germany,Oeschle,LG,Tuenti,550,26,800,20800
7/4/2021,El Salvador,Ripley,LG,Tuenti,550,34,800,27200
3/16/2018,Chile,Saga Falabella,LG,Tuenti,550,19,800,15200
5/30/2021,Spain,Saga Falabella,LG,Tuenti,550,6,800,4800
3/7/2019,Ireland,Oeschle,LG,Tuenti,550,34,800,27200
2/6/2021,Peru,Oeschle,LG,Tuenti,550,175,800,140000
2/9/2019,Switzerland,Ripley,LG,Tuenti,550,81,800,64800
6/5/2021,Switzerland,Ripley,LG,Tuenti,550,98,800,78400
7/27/2021,Switzerland,Saga Falabella,LG,Tuenti,550,44,800,35200
10/18/2018,United Kingdom,Tottus,LG,Tuenti,550,267,800,213600
5/21/2021,Cuba,Tottus,LG,Tuenti,550,10,800,8000
9/7/2019,Spain,Tottus,LG,Tuenti,550,139,800,111200
8/31/2018,Argentina,Metro,LG,Tuenti,550,107,800,85600
8/2/2019,Argentina,Oeschle,LG,Tuenti,550,208,800,166400
8/7/2018,USA,Metro,LG,Tuenti,550,81,800,64800
3/3/2020,Germany,Oeschle,LG,Tuenti,550,6,800,4800
1/15/2021,Peru,Oeschle,LG,Tuenti,550,219,800,175200
11/20/2019,Canada,Tottus,LG,Tuenti,550,1,800,800
6/17/2018,Jamaica,Plaza Vea,LG,Tuenti,550,35,800,28000
12/4/2021,Spain,Metro,LG,Tuenti,550,40,800,32000
1/11/2021,USA,Saga Falabella,LG,Tuenti,550,49,800,39200
9/11/2018,Colombia,Metro,LG,Tuenti,550,88,800,70400
3/10/2021,Denmark,Oeschle,LG,Tuenti,550,88,800,70400
7/26/2021,Cuba,Oeschle,LG,Tuenti,550,220,800,176000
9/1/2018,France,Plaza Vea,LG,Tuenti,550,141,800,112800
12/8/2021,United Kingdom,Saga Falabella,LG,Tuenti,550,46,800,36800
7/27/2019,Denmark,Tottus,LG,Tuenti,550,61,800,48800
7/4/2021,Switzerland,Metro,LG,Tuenti,550,148,800,118400
3/5/2021,Brasil,Plaza Vea,LG,Tuenti,550,60,800,48000
11/17/2021,Argentina,Metro,LG,Tuenti,550,15,800,12000
2/1/2020,United Kingdom,Saga Falabella,LG,Tuenti,550,6,800,4800
7/27/2019,Ireland,Tottus,LG,Tuenti,550,31,800,24800
4/28/2021,United Kingdom,Tottus,LG,Tuenti,550,149,800,119200
12/14/2019,Ireland,Metro,LG,Tuenti,550,149,800,119200
9/5/2020,El Salvador,Oeschle,LG,Tuenti,550,171,800,136800
12/21/2019,USA,Metro,LG,Tuenti,550,98,800,78400
2/28/2021,Ireland,Tottus,LG,Tuenti,550,212,800,169600
3/27/2019,Canada,Saga Falabella,LG,Tuenti,550,42,800,33600
8/6/2020,Jamaica,Oeschle,LG,Tuenti,550,211,800,168800
5/12/2020,El Salvador,Ripley,LG,Tuenti,550,83,800,66400
10/4/2019,Guatemala,Tottus,LG,Tuenti,550,44,800,35200
10/17/2021,Paraguay,Saga Falabella,LG,Tuenti,550,31,800,24800
1/2/2021,Spain,Plaza Vea,LG,Tuenti,550,51,800,40800
9/3/2019,Chile,Oeschle,LG,Tuenti,550,135,800,108000
8/16/2019,Switzerland,Ripley,LG,Tuenti,550,58,800,46400
2/13/2021,Colombia,Tottus,LG,Tuenti,550,143,800,114400
9/8/2018,Bolivia,Ripley,LG,Tuenti,550,18,800,14400
7/16/2021,Mexico,Metro,LG,Tuenti,550,2,800,1600
7/7/2018,United Kingdom,Saga Falabella,LG,Tuenti,550,14,800,11200
1/23/2021,Bolivia,Oeschle,LG,Tuenti,550,42,800,33600
3/28/2021,Canada,Plaza Vea,LG,Tuenti,550,191,800,152800
11/17/2021,Portugal,Tottus,LG,Tuenti,550,25,800,20000
1/21/2018,USA,Saga Falabella,LG,Tuenti,550,8,800,6400
1/26/2021,Ireland,Plaza Vea,LG,Tuenti,550,133,800,106400
4/19/2020,Mexico,Metro,LG,Tuenti,550,23,800,18400
12/21/2018,Canada,Saga Falabella,LG,Tuenti,550,24,800,19200
5/13/2021,Colombia,Ripley,LG,Tuenti,550,51,800,40800
12/7/2019,USA,Tottus,LG,Tuenti,550,68,800,54400
2/3/2018,Switzerland,Tottus,LG,Tuenti,550,28,800,22400
10/24/2021,Jamaica,Metro,LG,Tuenti,550,35,800,28000
11/11/2018,Ireland,Tottus,LG,Tuenti,550,199,800,159200
5/30/2018,Peru,Tottus,LG,Entel,550,56,800,44800
3/19/2021,Denmark,Ripley,LG,Entel,550,55,800,44000
4/3/2018,Uruguay,Plaza Vea,LG,Entel,550,60,800,48000
11/28/2019,France,Oeschle,LG,Entel,550,81,800,64800
9/27/2021,Brasil,Plaza Vea,LG,Entel,550,126,800,100800
4/1/2021,Germany,Metro,LG,Entel,550,58,800,46400
9/17/2021,Portugal,Oeschle,LG,Entel,550,124,800,99200
1/5/2018,Spain,Plaza Vea,LG,Entel,550,154,800,123200
9/25/2021,Peru,Ripley,LG,Entel,550,50,800,40000
12/1/2018,Venezuela,Metro,LG,Entel,550,27,800,21600
9/17/2021,Switzerland,Oeschle,LG,Entel,550,133,800,106400
3/21/2020,Spain,Oeschle,LG,Entel,550,4,800,3200
2/1/2020,Canada,Tottus,LG,Entel,550,54,800,43200
12/10/2018,Peru,Metro,LG,Entel,550,18,800,14400
5/1/2019,Denmark,Ripley,LG,Entel,550,25,800,20000
5/10/2021,Brasil,Metro,LG,Entel,550,85,800,68000
6/12/2021,Colombia,Oeschle,LG,Entel,550,88,800,70400
3/19/2021,Uruguay,Plaza Vea,LG,Entel,550,80,800,64000
12/25/2019,Portugal,Saga Falabella,LG,Entel,550,1,800,800
2/4/2018,Bolivia,Metro,LG,Entel,550,77,800,61600
7/31/2021,El Salvador,Ripley,LG,Entel,550,18,800,14400
5/23/2020,Germany,Ripley,LG,Entel,550,44,800,35200
3/16/2018,Argentina,Oeschle,LG,Entel,550,112,800,89600
10/14/2018,Germany,Ripley,LG,Entel,550,4,800,3200
12/2/2019,Mexico,Tottus,LG,Entel,550,12,800,9600
4/28/2018,Paraguay,Ripley,LG,Entel,550,9,800,7200
12/31/2020,Portugal,Oeschle,LG,Entel,550,86,800,68800
8/31/2021,USA,Ripley,LG,Entel,550,9,800,7200
8/28/2019,Guatemala,Metro,LG,Entel,550,118,800,94400
10/5/2019,Portugal,Plaza Vea,LG,Entel,550,112,800,89600
12/24/2021,Peru,Tottus,LG,Entel,550,54,800,43200
11/21/2019,Ireland,Metro,LG,Entel,550,56,800,44800
12/23/2021,Portugal,Oeschle,LG,Entel,550,196,800,156800
6/18/2019,Switzerland,Oeschle,LG,Entel,550,175,800,140000
6/29/2021,Switzerland,Oeschle,LG,Entel,550,100,800,80000
3/14/2021,Germany,Tottus,LG,Entel,550,9,800,7200
10/5/2020,USA,Oeschle,LG,Entel,550,46,800,36800
4/25/2021,France,Ripley,LG,Entel,550,8,800,6400
9/23/2021,Cuba,Saga Falabella,LG,Entel,550,38,800,30400
1/18/2020,Portugal,Plaza Vea,LG,Entel,550,44,800,35200
9/3/2018,France,Plaza Vea,LG,Entel,550,150,800,120000
6/30/2020,Denmark,Tottus,LG,Entel,550,134,800,107200
6/29/2021,Bolivia,Metro,LG,Entel,550,104,800,83200
11/17/2021,Ireland,Ripley,LG,Entel,550,50,800,40000
2/4/2020,Venezuela,Oeschle,LG,Entel,550,13,800,10400
2/7/2019,Denmark,Plaza Vea,LG,Entel,550,87,800,69600
9/19/2021,Spain,Oeschle,LG,Entel,550,20,800,16000
2/4/2018,Paraguay,Metro,LG,Entel,550,116,800,92800
4/24/2018,Germany,Tottus,LG,Entel,550,66,800,52800
5/17/2021,Germany,Plaza Vea,LG,Entel,550,42,800,33600
9/27/2021,El Salvador,Tottus,LG,Entel,550,66,800,52800
11/26/2021,United Kingdom,Plaza Vea,LG,Entel,550,70,800,56000
9/13/2018,Spain,Tottus,LG,Entel,550,197,800,157600
8/18/2021,El Salvador,Tottus,LG,Entel,550,140,800,112000
5/14/2021,Switzerland,Plaza Vea,LG,Entel,550,25,800,20000
10/16/2021,Spain,Saga Falabella,LG,Entel,550,17,800,13600
7/1/2021,Colombia,Tottus,LG,Entel,550,162,800,129600
1/2/2019,Uruguay,Tottus,LG,Entel,550,15,800,12000
9/11/2021,Spain,Plaza Vea,LG,Entel,550,31,800,24800
5/8/2021,Spain,Tottus,LG,Entel,550,91,800,72800
4/18/2021,Peru,Metro,LG,Entel,550,34,800,27200
3/17/2019,Paraguay,Ripley,LG,Entel,550,8,800,6400
2/19/2019,Peru,Tottus,LG,Entel,550,165,800,132000
7/7/2021,Germany,Ripley,LG,Entel,550,55,800,44000
6/21/2020,France,Tottus,LG,Entel,550,201,800,160800
4/6/2020,Chile,Ripley,LG,Entel,550,75,800,60000
9/26/2020,Chile,Oeschle,LG,Entel,550,21,800,16800
6/27/2021,Bolivia,Ripley,LG,Entel,550,64,800,51200
5/30/2018,Peru,Tottus,LG,Entel,550,56,800,44800
3/19/2021,Denmark,Ripley,LG,Entel,550,55,800,44000
4/3/2018,Uruguay,Plaza Vea,LG,Entel,550,60,800,48000
11/28/2019,France,Oeschle,LG,Entel,550,81,800,64800
9/27/2021,Brasil,Plaza Vea,LG,Entel,550,126,800,100800
4/1/2021,Germany,Metro,LG,Entel,550,58,800,46400
9/17/2021,Portugal,Oeschle,LG,Entel,550,124,800,99200
1/5/2018,Spain,Plaza Vea,LG,Entel,550,154,800,123200
9/25/2021,Peru,Ripley,LG,Entel,550,50,800,40000
12/1/2018,Venezuela,Metro,LG,Entel,550,27,800,21600
9/17/2021,Switzerland,Oeschle,LG,Entel,550,133,800,106400
3/21/2020,Spain,Oeschle,LG,Entel,550,4,800,3200
2/1/2020,Canada,Tottus,LG,Entel,550,54,800,43200
12/10/2018,Peru,Metro,LG,Entel,550,18,800,14400
5/1/2019,Denmark,Ripley,LG,Entel,550,25,800,20000
5/10/2021,Brasil,Metro,LG,Entel,550,85,800,68000
6/12/2021,Colombia,Oeschle,LG,Entel,550,88,800,70400
3/19/2021,Uruguay,Plaza Vea,LG,Entel,550,80,800,64000
12/25/2019,Portugal,Saga Falabella,LG,Entel,550,1,800,800
2/4/2018,Bolivia,Metro,LG,Entel,550,77,800,61600
7/31/2021,El Salvador,Ripley,LG,Entel,550,18,800,14400
5/23/2020,Germany,Ripley,LG,Entel,550,44,800,35200
3/16/2018,Argentina,Oeschle,LG,Entel,550,112,800,89600
10/14/2018,Germany,Ripley,LG,Entel,550,4,800,3200
12/2/2019,Mexico,Tottus,LG,Entel,550,12,800,9600
4/28/2018,Paraguay,Ripley,LG,Entel,550,9,800,7200
12/31/2020,Portugal,Oeschle,LG,Entel,550,86,800,68800
8/31/2021,USA,Ripley,LG,Entel,550,9,800,7200
8/28/2019,Guatemala,Metro,LG,Entel,550,118,800,94400
10/5/2019,Portugal,Plaza Vea,LG,Entel,550,112,800,89600
12/24/2021,Peru,Tottus,LG,Entel,550,54,800,43200
11/21/2019,Ireland,Metro,LG,Entel,550,56,800,44800
12/23/2021,Portugal,Oeschle,LG,Entel,550,196,800,156800
6/18/2019,Switzerland,Oeschle,LG,Entel,550,175,800,140000
6/29/2021,Switzerland,Oeschle,LG,Entel,550,100,800,80000
3/14/2021,Germany,Tottus,LG,Entel,550,9,800,7200
10/5/2020,USA,Oeschle,LG,Entel,550,46,800,36800
4/25/2021,France,Ripley,LG,Entel,550,8,800,6400
9/23/2021,Cuba,Saga Falabella,LG,Entel,550,38,800,30400
1/18/2020,Portugal,Plaza Vea,LG,Entel,550,44,800,35200
9/3/2018,France,Plaza Vea,LG,Entel,550,150,800,120000
6/30/2020,Denmark,Tottus,LG,Entel,550,134,800,107200
6/29/2021,Bolivia,Metro,LG,Entel,550,104,800,83200
11/17/2021,Ireland,Ripley,LG,Entel,550,50,800,40000
2/4/2020,Venezuela,Oeschle,LG,Entel,550,13,800,10400
2/7/2019,Denmark,Plaza Vea,LG,Entel,550,87,800,69600
9/19/2021,Spain,Oeschle,LG,Entel,550,20,800,16000
2/4/2018,Paraguay,Metro,LG,Entel,550,116,800,92800
4/24/2018,Germany,Tottus,LG,Entel,550,66,800,52800
5/17/2021,Germany,Plaza Vea,LG,Entel,550,42,800,33600
9/27/2021,El Salvador,Tottus,LG,Entel,550,66,800,52800
11/26/2021,United Kingdom,Plaza Vea,LG,Entel,550,70,800,56000
9/13/2018,Spain,Tottus,LG,Entel,550,197,800,157600
8/18/2021,El Salvador,Tottus,LG,Entel,550,140,800,112000
5/14/2021,Switzerland,Plaza Vea,LG,Entel,550,25,800,20000
10/16/2021,Spain,Saga Falabella,LG,Entel,550,17,800,13600
7/1/2021,Colombia,Tottus,LG,Entel,550,162,800,129600
1/2/2019,Uruguay,Tottus,LG,Entel,550,15,800,12000
9/11/2021,Spain,Plaza Vea,LG,Entel,550,31,800,24800
5/8/2021,Spain,Tottus,LG,Entel,550,91,800,72800
4/18/2021,Peru,Metro,LG,Entel,550,34,800,27200
3/17/2019,Paraguay,Ripley,LG,Entel,550,8,800,6400
2/19/2019,Peru,Tottus,LG,Entel,550,165,800,132000
7/7/2021,Germany,Ripley,LG,Entel,550,55,800,44000
6/21/2020,France,Tottus,LG,Entel,550,201,800,160800
4/6/2020,Chile,Ripley,LG,Entel,550,75,800,60000
9/26/2020,Chile,Oeschle,LG,Entel,550,21,800,16800
6/27/2021,Bolivia,Ripley,LG,Entel,550,64,800,51200
1/22/2021,Paraguay,Metro,LG,Movistar,550,1,800,800
2/14/2021,Mexico,Oeschle,LG,Movistar,550,47,800,37600
3/30/2018,France,Saga Falabella,LG,Movistar,550,4,800,3200
7/30/2020,USA,Tottus,LG,Movistar,550,2,800,1600
6/28/2018,Ireland,Oeschle,LG,Movistar,550,18,800,14400
7/7/2018,Switzerland,Metro,LG,Movistar,550,14,800,11200
9/21/2020,Cuba,Ripley,LG,Movistar,550,14,800,11200
11/22/2021,Colombia,Ripley,LG,Movistar,550,3,800,2400
5/26/2021,Switzerland,Oeschle,LG,Movistar,550,1,800,800
1/16/2020,Peru,Ripley,LG,Movistar,550,6,800,4800
9/20/2021,Chile,Ripley,LG,Movistar,550,8,800,6400
6/22/2021,Paraguay,Ripley,LG,Movistar,550,18,800,14400
5/11/2021,Peru,Tottus,LG,Movistar,550,24,800,19200
4/9/2018,Spain,Saga Falabella,LG,Movistar,550,5,800,4000
10/22/2020,Brasil,Saga Falabella,LG,Movistar,550,6,800,4800
9/25/2021,United Kingdom,Metro,LG,Movistar,550,23,800,18400
5/20/2021,Uruguay,Saga Falabella,LG,Movistar,550,1,800,800
9/15/2021,Mexico,Metro,LG,Movistar,550,28,800,22400
12/27/2021,El Salvador,Oeschle,LG,Movistar,550,33,800,26400
6/2/2019,Mexico,Plaza Vea,LG,Movistar,550,3,800,2400
4/25/2018,Cuba,Metro,LG,Movistar,550,17,800,13600
11/29/2018,Spain,Plaza Vea,LG,Movistar,550,32,800,25600
6/23/2018,Brasil,Saga Falabella,LG,Movistar,550,9,800,7200
9/11/2018,Argentina,Metro,LG,Movistar,550,7,800,5600
7/1/2021,Canada,Plaza Vea,LG,Movistar,550,36,800,28800
11/23/2020,Mexico,Metro,LG,Movistar,550,8,800,6400
5/14/2021,Peru,Ripley,LG,Movistar,550,1,800,800
4/18/2021,Peru,Plaza Vea,LG,Movistar,550,14,800,11200
8/16/2021,Portugal,Metro,LG,Movistar,550,19,800,15200
5/10/2021,Uruguay,Metro,LG,Movistar,550,6,800,4800
7/14/2018,Brasil,Tottus,LG,Movistar,550,45,800,36000
7/26/2021,Colombia,Plaza Vea,LG,Movistar,550,16,800,12800
6/7/2021,Ireland,Plaza Vea,LG,Movistar,550,25,800,20000
9/6/2021,Colombia,Metro,LG,Movistar,550,29,800,23200
10/1/2021,Jamaica,Oeschle,LG,Movistar,550,44,800,35200
7/29/2021,Switzerland,Saga Falabella,LG,Movistar,550,2,800,1600
4/24/2019,Chile,Plaza Vea,LG,Movistar,550,25,800,20000
8/21/2018,Chile,Ripley,LG,Movistar,550,14,800,11200
12/16/2018,Ireland,Tottus,LG,Movistar,550,57,800,45600
12/18/2019,Ireland,Oeschle,LG,Movistar,550,27,800,21600
9/5/2018,Spain,Oeschle,LG,Movistar,550,6,800,4800
10/2/2021,El Salvador,Oeschle,LG,Movistar,550,18,800,14400
5/12/2020,Chile,Tottus,LG,Movistar,550,4,800,3200
3/7/2018,Portugal,Ripley,LG,Movistar,550,12,800,9600
10/10/2021,Mexico,Metro,LG,Movistar,550,6,800,4800
4/10/2021,Brasil,Ripley,LG,Movistar,550,6,800,4800
9/24/2021,Guatemala,Ripley,LG,Movistar,550,7,800,5600
8/8/2021,Canada,Tottus,LG,Movistar,550,17,800,13600
2/28/2021,Peru,Ripley,LG,Movistar,550,19,800,15200
11/24/2019,Cuba,Saga Falabella,LG,Movistar,550,7,800,5600
4/27/2018,France,Oeschle,LG,Movistar,550,30,800,24000
10/10/2018,Germany,Plaza Vea,LG,Movistar,550,38,800,30400
9/13/2019,Brasil,Oeschle,LG,Movistar,550,49,800,39200
2/28/2020,Paraguay,Tottus,LG,Movistar,550,42,800,33600
11/15/2018,Chile,Plaza Vea,LG,Movistar,550,24,800,19200
10/2/2018,Colombia,Metro,LG,Movistar,550,17,800,13600
11/10/2020,USA,Tottus,LG,Movistar,550,9,800,7200
6/5/2018,Denmark,Ripley,LG,Movistar,550,4,800,3200
8/24/2019,Brasil,Saga Falabella,LG,Movistar,550,1,800,800
9/7/2018,Guatemala,Saga Falabella,LG,Movistar,550,6,800,4800
11/14/2018,Ireland,Plaza Vea,LG,Movistar,550,23,800,18400
12/14/2019,Chile,Metro,LG,Movistar,550,28,800,22400
7/2/2018,Denmark,Ripley,LG,Movistar,550,6,800,4800
1/13/2019,Portugal,Metro,LG,Movistar,550,29,800,23200
1/22/2021,Paraguay,Metro,LG,Movistar,550,1,800,800
2/14/2021,Mexico,Oeschle,LG,Movistar,550,47,800,37600
3/30/2018,France,Saga Falabella,LG,Movistar,550,4,800,3200
7/30/2020,USA,Tottus,LG,Movistar,550,2,800,1600
6/28/2018,Ireland,Oeschle,LG,Movistar,550,18,800,14400
7/7/2018,Switzerland,Metro,LG,Movistar,550,14,800,11200
9/21/2020,Cuba,Ripley,LG,Movistar,550,14,800,11200
11/22/2021,Colombia,Ripley,LG,Movistar,550,3,800,2400
5/26/2021,Switzerland,Oeschle,LG,Movistar,550,1,800,800
1/16/2020,Peru,Ripley,LG,Movistar,550,6,800,4800
9/20/2021,Chile,Ripley,LG,Movistar,550,8,800,6400
6/22/2021,Paraguay,Ripley,LG,Movistar,550,18,800,14400
5/11/2021,Peru,Tottus,LG,Movistar,550,24,800,19200
4/9/2018,Spain,Saga Falabella,LG,Movistar,550,5,800,4000
10/22/2020,Brasil,Saga Falabella,LG,Movistar,550,6,800,4800
9/25/2021,United Kingdom,Metro,LG,Movistar,550,23,800,18400
5/20/2021,Uruguay,Saga Falabella,LG,Movistar,550,1,800,800
9/15/2021,Mexico,Metro,LG,Movistar,550,28,800,22400
12/27/2021,El Salvador,Oeschle,LG,Movistar,550,33,800,26400
6/2/2019,Mexico,Plaza Vea,LG,Movistar,550,3,800,2400
4/25/2018,Cuba,Metro,LG,Movistar,550,17,800,13600
11/29/2018,Spain,Plaza Vea,LG,Movistar,550,32,800,25600
6/23/2018,Brasil,Saga Falabella,LG,Movistar,550,9,800,7200
9/11/2018,Argentina,Metro,LG,Movistar,550,7,800,5600
7/1/2021,Canada,Plaza Vea,LG,Movistar,550,36,800,28800
11/23/2020,Mexico,Metro,LG,Movistar,550,8,800,6400
5/14/2021,Peru,Ripley,LG,Movistar,550,1,800,800
4/18/2021,Peru,Plaza Vea,LG,Movistar,550,14,800,11200
8/16/2021,Portugal,Metro,LG,Movistar,550,19,800,15200
5/10/2021,Uruguay,Metro,LG,Movistar,550,6,800,4800
7/14/2018,Brasil,Tottus,LG,Movistar,550,45,800,36000
7/26/2021,Colombia,Plaza Vea,LG,Movistar,550,16,800,12800
6/7/2021,Ireland,Plaza Vea,LG,Movistar,550,25,800,20000
9/6/2021,Colombia,Metro,LG,Movistar,550,29,800,23200
10/1/2021,Jamaica,Oeschle,LG,Movistar,550,44,800,35200
7/29/2021,Switzerland,Saga Falabella,LG,Movistar,550,2,800,1600
4/24/2019,Chile,Plaza Vea,LG,Movistar,550,25,800,20000
8/21/2018,Chile,Ripley,LG,Movistar,550,14,800,11200
12/16/2018,Ireland,Tottus,LG,Movistar,550,57,800,45600
12/18/2019,Ireland,Oeschle,LG,Movistar,550,27,800,21600
9/5/2018,Spain,Oeschle,LG,Movistar,550,6,800,4800
10/2/2021,El Salvador,Oeschle,LG,Movistar,550,18,800,14400
5/12/2020,Chile,Tottus,LG,Movistar,550,4,800,3200
3/7/2018,Portugal,Ripley,LG,Movistar,550,12,800,9600
10/10/2021,Mexico,Metro,LG,Movistar,550,6,800,4800
4/10/2021,Brasil,Ripley,LG,Movistar,550,6,800,4800
9/24/2021,Guatemala,Ripley,LG,Movistar,550,7,800,5600
8/8/2021,Canada,Tottus,LG,Movistar,550,17,800,13600
2/28/2021,Peru,Ripley,LG,Movistar,550,19,800,15200
11/24/2019,Cuba,Saga Falabella,LG,Movistar,550,7,800,5600
4/27/2018,France,Oeschle,LG,Movistar,550,30,800,24000
10/10/2018,Germany,Plaza Vea,LG,Movistar,550,38,800,30400
9/13/2019,Brasil,Oeschle,LG,Movistar,550,49,800,39200
2/28/2020,Paraguay,Tottus,LG,Movistar,550,42,800,33600
11/15/2018,Chile,Plaza Vea,LG,Movistar,550,24,800,19200
10/2/2018,Colombia,Metro,LG,Movistar,550,17,800,13600
11/10/2020,USA,Tottus,LG,Movistar,550,9,800,7200
6/5/2018,Denmark,Ripley,LG,Movistar,550,4,800,3200
8/24/2019,Brasil,Saga Falabella,LG,Movistar,550,1,800,800
9/7/2018,Guatemala,Saga Falabella,LG,Movistar,550,6,800,4800
11/14/2018,Ireland,Plaza Vea,LG,Movistar,550,23,800,18400
12/14/2019,Chile,Metro,LG,Movistar,550,28,800,22400
7/2/2018,Denmark,Ripley,LG,Movistar,550,6,800,4800
1/13/2019,Portugal,Metro,LG,Movistar,550,29,800,23200
11/23/2020,Venezuela,Metro,Motorola,Claro,675,20,950,19000
3/13/2021,Denmark,Tottus,Motorola,Claro,675,68,950,64600
1/18/2020,Argentina,Tottus,Motorola,Claro,675,36,950,34200
8/3/2019,Colombia,Oeschle,Motorola,Claro,675,26,950,24700
7/22/2018,Spain,Oeschle,Motorola,Claro,675,6,950,5700
8/12/2021,Guatemala,Metro,Motorola,Claro,675,46,950,43700
11/22/2020,Germany,Saga Falabella,Motorola,Claro,675,13,950,12350
3/2/2019,Uruguay,Plaza Vea,Motorola,Claro,675,73,950,69350
8/26/2020,Peru,Saga Falabella,Motorola,Claro,675,13,950,12350
7/15/2021,El Salvador,Oeschle,Motorola,Claro,675,60,950,57000
11/24/2021,Spain,Ripley,Motorola,Claro,675,2,950,1900
5/16/2020,Mexico,Saga Falabella,Motorola,Claro,675,6,950,5700
3/10/2020,Mexico,Tottus,Motorola,Claro,675,41,950,38950
11/9/2021,Switzerland,Metro,Motorola,Claro,675,16,950,15200
8/27/2019,Ireland,Saga Falabella,Motorola,Claro,675,8,950,7600
1/9/2021,United Kingdom,Oeschle,Motorola,Claro,675,96,950,91200
11/13/2019,Uruguay,Saga Falabella,Motorola,Claro,675,6,950,5700
1/23/2019,Uruguay,Saga Falabella,Motorola,Claro,675,1,950,950
9/21/2021,Peru,Metro,Motorola,Claro,675,43,950,40850
5/3/2019,Paraguay,Saga Falabella,Motorola,Claro,675,16,950,15200
3/28/2020,Canada,Tottus,Motorola,Claro,675,84,950,79800
11/21/2020,Spain,Metro,Motorola,Claro,675,33,950,31350
3/7/2019,Ireland,Oeschle,Motorola,Claro,675,84,950,79800
5/24/2021,Canada,Saga Falabella,Motorola,Claro,675,5,950,4750
12/26/2021,El Salvador,Tottus,Motorola,Claro,675,88,950,83600
10/5/2018,Venezuela,Saga Falabella,Motorola,Claro,675,6,950,5700
4/24/2019,USA,Metro,Motorola,Claro,675,17,950,16150
7/24/2021,Argentina,Metro,Motorola,Claro,675,59,950,56050
5/26/2019,Switzerland,Metro,Motorola,Claro,675,57,950,54150
4/25/2020,Uruguay,Oeschle,Motorola,Claro,675,83,950,78850
7/26/2021,USA,Saga Falabella,Motorola,Claro,675,18,950,17100
5/23/2020,Canada,Oeschle,Motorola,Claro,675,35,950,33250
1/10/2021,Argentina,Metro,Motorola,Claro,675,50,950,47500
4/18/2019,Chile,Plaza Vea,Motorola,Claro,675,74,950,70300
1/15/2020,France,Saga Falabella,Motorola,Claro,675,16,950,15200
9/6/2020,Chile,Tottus,Motorola,Claro,675,56,950,53200
12/2/2019,Switzerland,Plaza Vea,Motorola,Claro,675,10,950,9500
3/16/2019,Denmark,Saga Falabella,Motorola,Claro,675,2,950,1900
7/20/2019,Guatemala,Plaza Vea,Motorola,Claro,675,51,950,48450
8/1/2021,Colombia,Tottus,Motorola,Claro,675,78,950,74100
7/26/2018,Chile,Oeschle,Motorola,Claro,675,83,950,78850
5/13/2020,Portugal,Saga Falabella,Motorola,Claro,675,15,950,14250
9/25/2020,Uruguay,Plaza Vea,Motorola,Claro,675,61,950,57950
11/23/2020,Venezuela,Metro,Motorola,Claro,675,20,950,19000
3/13/2021,Denmark,Tottus,Motorola,Claro,675,68,950,64600
1/18/2020,Argentina,Tottus,Motorola,Claro,675,36,950,34200
8/3/2019,Colombia,Oeschle,Motorola,Claro,675,26,950,24700
7/22/2018,Spain,Oeschle,Motorola,Claro,675,6,950,5700
8/12/2021,Guatemala,Metro,Motorola,Claro,675,46,950,43700
11/22/2020,Germany,Saga Falabella,Motorola,Claro,675,13,950,12350
3/2/2019,Uruguay,Plaza Vea,Motorola,Claro,675,73,950,69350
8/26/2020,Peru,Saga Falabella,Motorola,Claro,675,13,950,12350
7/15/2021,El Salvador,Oeschle,Motorola,Claro,675,60,950,57000
11/24/2021,Spain,Ripley,Motorola,Claro,675,2,950,1900
5/16/2020,Mexico,Saga Falabella,Motorola,Claro,675,6,950,5700
3/10/2020,Mexico,Tottus,Motorola,Claro,675,41,950,38950
11/9/2021,Switzerland,Metro,Motorola,Claro,675,16,950,15200
8/27/2019,Ireland,Saga Falabella,Motorola,Claro,675,8,950,7600
1/9/2021,United Kingdom,Oeschle,Motorola,Claro,675,96,950,91200
11/13/2019,Uruguay,Saga Falabella,Motorola,Claro,675,6,950,5700
1/23/2019,Uruguay,Saga Falabella,Motorola,Claro,675,1,950,950
9/21/2021,Peru,Metro,Motorola,Claro,675,43,950,40850
5/3/2019,Paraguay,Saga Falabella,Motorola,Claro,675,16,950,15200
3/28/2020,Canada,Tottus,Motorola,Claro,675,84,950,79800
11/21/2020,Spain,Metro,Motorola,Claro,675,33,950,31350
3/7/2019,Ireland,Oeschle,Motorola,Claro,675,84,950,79800
5/24/2021,Canada,Saga Falabella,Motorola,Claro,675,5,950,4750
12/26/2021,El Salvador,Tottus,Motorola,Claro,675,88,950,83600
10/5/2018,Venezuela,Saga Falabella,Motorola,Claro,675,6,950,5700
4/24/2019,USA,Metro,Motorola,Claro,675,17,950,16150
7/24/2021,Argentina,Metro,Motorola,Claro,675,59,950,56050
5/26/2019,Switzerland,Metro,Motorola,Claro,675,57,950,54150
4/25/2020,Uruguay,Oeschle,Motorola,Claro,675,83,950,78850
7/26/2021,USA,Saga Falabella,Motorola,Claro,675,18,950,17100
5/23/2020,Canada,Oeschle,Motorola,Claro,675,35,950,33250
1/10/2021,Argentina,Metro,Motorola,Claro,675,50,950,47500
4/18/2019,Chile,Plaza Vea,Motorola,Claro,675,74,950,70300
1/15/2020,France,Saga Falabella,Motorola,Claro,675,16,950,15200
9/6/2020,Chile,Tottus,Motorola,Claro,675,56,950,53200
12/2/2019,Switzerland,Plaza Vea,Motorola,Claro,675,10,950,9500
3/16/2019,Denmark,Saga Falabella,Motorola,Claro,675,2,950,1900
7/20/2019,Guatemala,Plaza Vea,Motorola,Claro,675,51,950,48450
8/1/2021,Colombia,Tottus,Motorola,Claro,675,78,950,74100
7/26/2018,Chile,Oeschle,Motorola,Claro,675,83,950,78850
5/13/2020,Portugal,Saga Falabella,Motorola,Claro,675,15,950,14250
9/25/2020,Uruguay,Plaza Vea,Motorola,Claro,675,61,950,57950
9/12/2021,Portugal,Saga Falabella,Motorola,Movistar,675,4,950,3800
3/10/2020,El Salvador,Saga Falabella,Motorola,Movistar,675,2,950,1900
2/27/2021,Germany,Saga Falabella,Motorola,Movistar,675,9,950,8550
5/10/2021,France,Ripley,Motorola,Movistar,675,9,950,8550
5/26/2018,Mexico,Ripley,Motorola,Movistar,675,2,950,1900
4/4/2018,Switzerland,Plaza Vea,Motorola,Movistar,675,8,950,7600
3/24/2021,Ireland,Tottus,Motorola,Movistar,675,5,950,4750
4/27/2021,Paraguay,Metro,Motorola,Movistar,675,3,950,2850
2/13/2018,Paraguay,Oeschle,Motorola,Movistar,675,4,950,3800
5/14/2021,Ireland,Plaza Vea,Motorola,Movistar,675,6,950,5700
1/23/2020,Canada,Oeschle,Motorola,Movistar,675,21,950,19950
6/28/2018,Bolivia,Oeschle,Motorola,Movistar,675,20,950,19000
5/27/2021,Portugal,Saga Falabella,Motorola,Movistar,675,6,950,5700
6/26/2020,Peru,Saga Falabella,Motorola,Movistar,675,9,950,8550
9/29/2021,France,Metro,Motorola,Movistar,675,18,950,17100
9/23/2018,United Kingdom,Metro,Motorola,Movistar,675,28,950,26600
11/23/2018,Denmark,Tottus,Motorola,Movistar,675,21,950,19950
7/27/2021,Ireland,Metro,Motorola,Movistar,675,18,950,17100
11/1/2021,Portugal,Plaza Vea,Motorola,Movistar,675,35,950,33250
6/21/2021,Cuba,Metro,Motorola,Movistar,675,17,950,16150
2/27/2021,Ireland,Tottus,Motorola,Movistar,675,26,950,24700
9/14/2021,Mexico,Plaza Vea,Motorola,Movistar,675,13,950,12350
2/28/2018,Jamaica,Tottus,Motorola,Movistar,675,22,950,20900
4/28/2020,Portugal,Plaza Vea,Motorola,Movistar,675,1,950,950
5/20/2020,Colombia,Ripley,Motorola,Movistar,675,7,950,6650
12/5/2021,Mexico,Metro,Motorola,Movistar,675,24,950,22800
7/23/2019,Argentina,Ripley,Motorola,Movistar,675,16,950,15200
5/22/2021,Germany,Plaza Vea,Motorola,Movistar,675,13,950,12350
1/6/2021,Uruguay,Saga Falabella,Motorola,Movistar,675,6,950,5700
2/29/2020,Denmark,Saga Falabella,Motorola,Movistar,675,8,950,7600
8/28/2020,Cuba,Ripley,Motorola,Movistar,675,6,950,5700
3/17/2021,Spain,Tottus,Motorola,Movistar,675,4,950,3800
3/31/2020,Venezuela,Oeschle,Motorola,Movistar,675,48,950,45600
11/17/2018,Spain,Oeschle,Motorola,Movistar,675,18,950,17100
9/18/2020,Brasil,Oeschle,Motorola,Movistar,675,3,950,2850
4/2/2019,Paraguay,Plaza Vea,Motorola,Movistar,675,1,950,950
7/14/2021,Chile,Plaza Vea,Motorola,Movistar,675,27,950,25650
2/1/2020,Jamaica,Saga Falabella,Motorola,Movistar,675,4,950,3800
3/16/2021,France,Ripley,Motorola,Movistar,675,14,950,13300
2/5/2019,Portugal,Metro,Motorola,Movistar,675,17,950,16150
11/1/2021,Germany,Plaza Vea,Motorola,Movistar,675,18,950,17100
9/12/2021,Portugal,Saga Falabella,Motorola,Movistar,675,4,950,3800
3/10/2020,El Salvador,Saga Falabella,Motorola,Movistar,675,2,950,1900
2/27/2021,Germany,Saga Falabella,Motorola,Movistar,675,9,950,8550
5/10/2021,France,Ripley,Motorola,Movistar,675,9,950,8550
5/26/2018,Mexico,Ripley,Motorola,Movistar,675,2,950,1900
4/4/2018,Switzerland,Plaza Vea,Motorola,Movistar,675,8,950,7600
3/24/2021,Ireland,Tottus,Motorola,Movistar,675,5,950,4750
4/27/2021,Paraguay,Metro,Motorola,Movistar,675,3,950,2850
2/13/2018,Paraguay,Oeschle,Motorola,Movistar,675,4,950,3800
5/14/2021,Ireland,Plaza Vea,Motorola,Movistar,675,6,950,5700
1/23/2020,Canada,Oeschle,Motorola,Movistar,675,21,950,19950
6/28/2018,Bolivia,Oeschle,Motorola,Movistar,675,20,950,19000
5/27/2021,Portugal,Saga Falabella,Motorola,Movistar,675,6,950,5700
6/26/2020,Peru,Saga Falabella,Motorola,Movistar,675,9,950,8550
9/29/2021,France,Metro,Motorola,Movistar,675,18,950,17100
9/23/2018,United Kingdom,Metro,Motorola,Movistar,675,28,950,26600
11/23/2018,Denmark,Tottus,Motorola,Movistar,675,21,950,19950
7/27/2021,Ireland,Metro,Motorola,Movistar,675,18,950,17100
11/1/2021,Portugal,Plaza Vea,Motorola,Movistar,675,35,950,33250
6/21/2021,Cuba,Metro,Motorola,Movistar,675,17,950,16150
2/27/2021,Ireland,Tottus,Motorola,Movistar,675,26,950,24700
9/14/2021,Mexico,Plaza Vea,Motorola,Movistar,675,13,950,12350
2/28/2018,Jamaica,Tottus,Motorola,Movistar,675,22,950,20900
4/28/2020,Portugal,Plaza Vea,Motorola,Movistar,675,1,950,950
5/20/2020,Colombia,Ripley,Motorola,Movistar,675,7,950,6650
12/5/2021,Mexico,Metro,Motorola,Movistar,675,24,950,22800
7/23/2019,Argentina,Ripley,Motorola,Movistar,675,16,950,15200
5/22/2021,Germany,Plaza Vea,Motorola,Movistar,675,13,950,12350
1/6/2021,Uruguay,Saga Falabella,Motorola,Movistar,675,6,950,5700
2/29/2020,Denmark,Saga Falabella,Motorola,Movistar,675,8,950,7600
8/28/2020,Cuba,Ripley,Motorola,Movistar,675,6,950,5700
3/17/2021,Spain,Tottus,Motorola,Movistar,675,4,950,3800
3/31/2020,Venezuela,Oeschle,Motorola,Movistar,675,48,950,45600
11/17/2018,Spain,Oeschle,Motorola,Movistar,675,18,950,17100
9/18/2020,Brasil,Oeschle,Motorola,Movistar,675,3,950,2850
4/2/2019,Paraguay,Plaza Vea,Motorola,Movistar,675,1,950,950
7/14/2021,Chile,Plaza Vea,Motorola,Movistar,675,27,950,25650
2/1/2020,Jamaica,Saga Falabella,Motorola,Movistar,675,4,950,3800
3/16/2021,France,Ripley,Motorola,Movistar,675,14,950,13300
2/5/2019,Portugal,Metro,Motorola,Movistar,675,17,950,16150
11/1/2021,Germany,Plaza Vea,Motorola,Movistar,675,18,950,17100
2/13/2018,France,Saga Falabella,Motorola,Bitel,675,24,950,22800
3/29/2018,Spain,Tottus,Motorola,Bitel,675,24,950,22800
3/19/2020,USA,Tottus,Motorola,Bitel,675,172,950,163400
1/5/2020,Argentina,Metro,Motorola,Bitel,675,21,950,19950
7/13/2020,France,Ripley,Motorola,Bitel,675,15,950,14250
2/10/2021,El Salvador,Metro,Motorola,Bitel,675,9,950,8550
8/18/2021,Switzerland,Saga Falabella,Motorola,Bitel,675,23,950,21850
9/11/2020,Colombia,Tottus,Motorola,Bitel,675,178,950,169100
10/18/2018,USA,Tottus,Motorola,Bitel,675,173,950,164350
2/9/2018,Guatemala,Oeschle,Motorola,Bitel,675,149,950,141550
5/21/2021,Spain,Ripley,Motorola,Bitel,675,56,950,53200
4/4/2019,Uruguay,Plaza Vea,Motorola,Bitel,675,107,950,101650
9/5/2021,Venezuela,Saga Falabella,Motorola,Bitel,675,21,950,19950
6/17/2018,Germany,Metro,Motorola,Bitel,675,41,950,38950
3/1/2018,France,Plaza Vea,Motorola,Bitel,675,9,950,8550
12/16/2020,Bolivia,Metro,Motorola,Bitel,675,19,950,18050
6/24/2020,Peru,Saga Falabella,Motorola,Bitel,675,16,950,15200
10/26/2018,Ireland,Plaza Vea,Motorola,Bitel,675,32,950,30400
12/16/2020,USA,Tottus,Motorola,Bitel,675,59,950,56050
8/19/2019,Paraguay,Oeschle,Motorola,Bitel,675,121,950,114950
3/31/2019,Portugal,Ripley,Motorola,Bitel,675,31,950,29450
9/12/2021,Bolivia,Metro,Motorola,Bitel,675,9,950,8550
2/27/2021,Guatemala,Oeschle,Motorola,Bitel,675,27,950,25650
7/23/2018,United Kingdom,Plaza Vea,Motorola,Bitel,675,44,950,41800
12/25/2021,Ireland,Ripley,Motorola,Bitel,675,27,950,25650
1/15/2021,Colombia,Plaza Vea,Motorola,Bitel,675,56,950,53200
5/21/2020,Mexico,Oeschle,Motorola,Bitel,675,123,950,116850
5/20/2020,France,Plaza Vea,Motorola,Bitel,675,18,950,17100
10/23/2019,France,Ripley,Motorola,Bitel,675,27,950,25650
4/15/2021,Canada,Metro,Motorola,Bitel,675,46,950,43700
10/5/2021,Peru,Metro,Motorola,Bitel,675,60,950,57000
2/8/2021,Jamaica,Ripley,Motorola,Bitel,675,55,950,52250
9/19/2021,USA,Oeschle,Motorola,Bitel,675,31,950,29450
10/6/2021,Canada,Saga Falabella,Motorola,Bitel,675,2,950,1900
11/30/2021,Switzerland,Tottus,Motorola,Bitel,675,46,950,43700
2/13/2018,France,Saga Falabella,Motorola,Bitel,675,24,950,22800
3/29/2018,Spain,Tottus,Motorola,Bitel,675,24,950,22800
3/19/2020,USA,Tottus,Motorola,Bitel,675,172,950,163400
1/5/2020,Argentina,Metro,Motorola,Bitel,675,21,950,19950
7/13/2020,France,Ripley,Motorola,Bitel,675,15,950,14250
2/10/2021,El Salvador,Metro,Motorola,Bitel,675,9,950,8550
8/18/2021,Switzerland,Saga Falabella,Motorola,Bitel,675,23,950,21850
9/11/2020,Colombia,Tottus,Motorola,Bitel,675,178,950,169100
10/18/2018,USA,Tottus,Motorola,Bitel,675,173,950,164350
2/9/2018,Guatemala,Oeschle,Motorola,Bitel,675,149,950,141550
5/21/2021,Spain,Ripley,Motorola,Bitel,675,56,950,53200
4/4/2019,Uruguay,Plaza Vea,Motorola,Bitel,675,107,950,101650
9/5/2021,Venezuela,Saga Falabella,Motorola,Bitel,675,21,950,19950
6/17/2018,Germany,Metro,Motorola,Bitel,675,41,950,38950
3/1/2018,France,Plaza Vea,Motorola,Bitel,675,9,950,8550
12/16/2020,Bolivia,Metro,Motorola,Bitel,675,19,950,18050
6/24/2020,Peru,Saga Falabella,Motorola,Bitel,675,16,950,15200
10/26/2018,Ireland,Plaza Vea,Motorola,Bitel,675,32,950,30400
12/16/2020,USA,Tottus,Motorola,Bitel,675,59,950,56050
8/19/2019,Paraguay,Oeschle,Motorola,Bitel,675,121,950,114950
3/31/2019,Portugal,Ripley,Motorola,Bitel,675,31,950,29450
9/12/2021,Bolivia,Metro,Motorola,Bitel,675,9,950,8550
2/27/2021,Guatemala,Oeschle,Motorola,Bitel,675,27,950,25650
7/23/2018,United Kingdom,Plaza Vea,Motorola,Bitel,675,44,950,41800
12/25/2021,Ireland,Ripley,Motorola,Bitel,675,27,950,25650
1/15/2021,Colombia,Plaza Vea,Motorola,Bitel,675,56,950,53200
5/21/2020,Mexico,Oeschle,Motorola,Bitel,675,123,950,116850
5/20/2020,France,Plaza Vea,Motorola,Bitel,675,18,950,17100
10/23/2019,France,Ripley,Motorola,Bitel,675,27,950,25650
4/15/2021,Canada,Metro,Motorola,Bitel,675,46,950,43700
10/5/2021,Peru,Metro,Motorola,Bitel,675,60,950,57000
2/8/2021,Jamaica,Ripley,Motorola,Bitel,675,55,950,52250
9/19/2021,USA,Oeschle,Motorola,Bitel,675,31,950,29450
10/6/2021,Canada,Saga Falabella,Motorola,Bitel,675,2,950,1900
11/30/2021,Switzerland,Tottus,Motorola,Bitel,675,46,950,43700
8/5/2021,Ireland,Oeschle,Motorola,Tuenti,675,131,950,124450
3/3/2021,Denmark,Saga Falabella,Motorola,Tuenti,675,12,950,11400
8/7/2021,Guatemala,Metro,Motorola,Tuenti,675,147,950,139650
4/14/2020,Peru,Plaza Vea,Motorola,Tuenti,675,1,950,950
10/18/2019,Chile,Oeschle,Motorola,Tuenti,675,36,950,34200
3/30/2018,Chile,Tottus,Motorola,Tuenti,675,46,950,43700
5/17/2021,Brasil,Oeschle,Motorola,Tuenti,675,119,950,113050
9/4/2018,Ireland,Plaza Vea,Motorola,Tuenti,675,35,950,33250
5/16/2021,Cuba,Ripley,Motorola,Tuenti,675,43,950,40850
7/22/2018,Portugal,Plaza Vea,Motorola,Tuenti,675,111,950,105450
7/15/2020,Jamaica,Plaza Vea,Motorola,Tuenti,675,62,950,58900
7/30/2020,Portugal,Saga Falabella,Motorola,Tuenti,675,2,950,1900
12/2/2018,El Salvador,Oeschle,Motorola,Tuenti,675,75,950,71250
1/8/2019,USA,Plaza Vea,Motorola,Tuenti,675,107,950,101650
4/27/2018,Ireland,Oeschle,Motorola,Tuenti,675,17,950,16150
5/20/2021,Bolivia,Plaza Vea,Motorola,Tuenti,675,46,950,43700
12/29/2018,United Kingdom,Plaza Vea,Motorola,Tuenti,675,166,950,157700
8/25/2021,Mexico,Tottus,Motorola,Tuenti,675,273,950,259350
3/27/2021,Cuba,Ripley,Motorola,Tuenti,675,86,950,81700
11/21/2020,Chile,Saga Falabella,Motorola,Tuenti,675,1,950,950
2/13/2019,Denmark,Tottus,Motorola,Tuenti,675,283,950,268850
1/16/2021,Chile,Ripley,Motorola,Tuenti,675,49,950,46550
11/16/2018,Chile,Oeschle,Motorola,Tuenti,675,10,950,9500
9/29/2020,Portugal,Tottus,Motorola,Tuenti,675,125,950,118750
11/4/2020,Ireland,Metro,Motorola,Tuenti,675,122,950,115900
4/13/2020,Chile,Saga Falabella,Motorola,Tuenti,675,5,950,4750
2/8/2019,France,Oeschle,Motorola,Tuenti,675,73,950,69350
4/23/2021,El Salvador,Plaza Vea,Motorola,Tuenti,675,40,950,38000
7/30/2021,Brasil,Ripley,Motorola,Tuenti,675,38,950,36100
8/18/2021,Chile,Plaza Vea,Motorola,Tuenti,675,53,950,50350
12/18/2021,Argentina,Ripley,Motorola,Tuenti,675,31,950,29450
10/26/2021,Uruguay,Metro,Motorola,Tuenti,675,93,950,88350
6/19/2021,France,Plaza Vea,Motorola,Tuenti,675,56,950,53200
8/5/2021,Ireland,Oeschle,Motorola,Tuenti,675,131,950,124450
3/3/2021,Denmark,Saga Falabella,Motorola,Tuenti,675,12,950,11400
8/7/2021,Guatemala,Metro,Motorola,Tuenti,675,147,950,139650
4/14/2020,Peru,Plaza Vea,Motorola,Tuenti,675,1,950,950
10/18/2019,Chile,Oeschle,Motorola,Tuenti,675,36,950,34200
3/30/2018,Chile,Tottus,Motorola,Tuenti,675,46,950,43700
5/17/2021,Brasil,Oeschle,Motorola,Tuenti,675,119,950,113050
9/4/2018,Ireland,Plaza Vea,Motorola,Tuenti,675,35,950,33250
5/16/2021,Cuba,Ripley,Motorola,Tuenti,675,43,950,40850
7/22/2018,Portugal,Plaza Vea,Motorola,Tuenti,675,111,950,105450
7/15/2020,Jamaica,Plaza Vea,Motorola,Tuenti,675,62,950,58900
7/30/2020,Portugal,Saga Falabella,Motorola,Tuenti,675,2,950,1900
12/2/2018,El Salvador,Oeschle,Motorola,Tuenti,675,75,950,71250
1/8/2019,USA,Plaza Vea,Motorola,Tuenti,675,107,950,101650
4/27/2018,Ireland,Oeschle,Motorola,Tuenti,675,17,950,16150
5/20/2021,Bolivia,Plaza Vea,Motorola,Tuenti,675,46,950,43700
12/29/2018,United Kingdom,Plaza Vea,Motorola,Tuenti,675,166,950,157700
8/25/2021,Mexico,Tottus,Motorola,Tuenti,675,273,950,259350
3/27/2021,Cuba,Ripley,Motorola,Tuenti,675,86,950,81700
11/21/2020,Chile,Saga Falabella,Motorola,Tuenti,675,1,950,950
2/13/2019,Denmark,Tottus,Motorola,Tuenti,675,283,950,268850
1/16/2021,Chile,Ripley,Motorola,Tuenti,675,49,950,46550
11/16/2018,Chile,Oeschle,Motorola,Tuenti,675,10,950,9500
9/29/2020,Portugal,Tottus,Motorola,Tuenti,675,125,950,118750
11/4/2020,Ireland,Metro,Motorola,Tuenti,675,122,950,115900
4/13/2020,Chile,Saga Falabella,Motorola,Tuenti,675,5,950,4750
2/8/2019,France,Oeschle,Motorola,Tuenti,675,73,950,69350
4/23/2021,El Salvador,Plaza Vea,Motorola,Tuenti,675,40,950,38000
7/30/2021,Brasil,Ripley,Motorola,Tuenti,675,38,950,36100
8/18/2021,Chile,Plaza Vea,Motorola,Tuenti,675,53,950,50350
12/18/2021,Argentina,Ripley,Motorola,Tuenti,675,31,950,29450
10/26/2021,Uruguay,Metro,Motorola,Tuenti,675,93,950,88350
6/19/2021,France,Plaza Vea,Motorola,Tuenti,675,56,950,53200
6/12/2019,Canada,Tottus,Motorola,Entel,675,138,950,131100
6/23/2021,Canada,Metro,Motorola,Entel,675,69,950,65550
8/13/2019,France,Oeschle,Motorola,Entel,675,159,950,151050
10/12/2019,Paraguay,Plaza Vea,Motorola,Entel,675,148,950,140600
10/8/2021,Brasil,Saga Falabella,Motorola,Entel,675,38,950,36100
7/30/2021,Guatemala,Metro,Motorola,Entel,675,51,950,48450
5/30/2021,Argentina,Tottus,Motorola,Entel,675,233,950,221350
2/4/2021,Spain,Tottus,Motorola,Entel,675,236,950,224200
11/10/2020,Germany,Metro,Motorola,Entel,675,27,950,25650
12/8/2018,Germany,Metro,Motorola,Entel,675,116,950,110200
3/19/2020,Canada,Metro,Motorola,Entel,675,76,950,72200
9/23/2020,Bolivia,Metro,Motorola,Entel,675,86,950,81700
9/16/2020,Canada,Plaza Vea,Motorola,Entel,675,121,950,114950
1/29/2021,Cuba,Metro,Motorola,Entel,675,92,950,87400
2/8/2021,Bolivia,Metro,Motorola,Entel,675,108,950,102600
3/26/2019,Spain,Oeschle,Motorola,Entel,675,132,950,125400
10/23/2018,Denmark,Tottus,Motorola,Entel,675,173,950,164350
3/20/2018,Mexico,Saga Falabella,Motorola,Entel,675,22,950,20900
1/7/2021,Peru,Plaza Vea,Motorola,Entel,675,112,950,106400
2/18/2020,Spain,Saga Falabella,Motorola,Entel,675,37,950,35150
12/21/2019,Uruguay,Tottus,Motorola,Entel,675,41,950,38950
12/26/2019,United Kingdom,Ripley,Motorola,Entel,675,44,950,41800
1/17/2019,Ireland,Metro,Motorola,Entel,675,24,950,22800
2/5/2020,Ireland,Saga Falabella,Motorola,Entel,675,37,950,35150
6/10/2021,Mexico,Tottus,Motorola,Entel,675,27,950,25650
2/16/2021,Venezuela,Tottus,Motorola,Entel,675,175,950,166250
11/30/2020,United Kingdom,Ripley,Motorola,Entel,675,9,950,8550
12/18/2020,Mexico,Saga Falabella,Motorola,Entel,675,20,950,19000
12/27/2020,Uruguay,Saga Falabella,Motorola,Entel,675,13,950,12350
8/31/2021,United Kingdom,Plaza Vea,Motorola,Entel,675,19,950,18050
6/12/2019,Canada,Tottus,Motorola,Entel,675,138,950,131100
6/23/2021,Canada,Metro,Motorola,Entel,675,69,950,65550
8/13/2019,France,Oeschle,Motorola,Entel,675,159,950,151050
10/12/2019,Paraguay,Plaza Vea,Motorola,Entel,675,148,950,140600
10/8/2021,Brasil,Saga Falabella,Motorola,Entel,675,38,950,36100
7/30/2021,Guatemala,Metro,Motorola,Entel,675,51,950,48450
5/30/2021,Argentina,Tottus,Motorola,Entel,675,233,950,221350
2/4/2021,Spain,Tottus,Motorola,Entel,675,236,950,224200
11/10/2020,Germany,Metro,Motorola,Entel,675,27,950,25650
12/8/2018,Germany,Metro,Motorola,Entel,675,116,950,110200
3/19/2020,Canada,Metro,Motorola,Entel,675,76,950,72200
9/23/2020,Bolivia,Metro,Motorola,Entel,675,86,950,81700
9/16/2020,Canada,Plaza Vea,Motorola,Entel,675,121,950,114950
1/29/2021,Cuba,Metro,Motorola,Entel,675,92,950,87400
2/8/2021,Bolivia,Metro,Motorola,Entel,675,108,950,102600
3/26/2019,Spain,Oeschle,Motorola,Entel,675,132,950,125400
10/23/2018,Denmark,Tottus,Motorola,Entel,675,173,950,164350
3/20/2018,Mexico,Saga Falabella,Motorola,Entel,675,22,950,20900
1/7/2021,Peru,Plaza Vea,Motorola,Entel,675,112,950,106400
2/18/2020,Spain,Saga Falabella,Motorola,Entel,675,37,950,35150
12/21/2019,Uruguay,Tottus,Motorola,Entel,675,41,950,38950
12/26/2019,United Kingdom,Ripley,Motorola,Entel,675,44,950,41800
1/17/2019,Ireland,Metro,Motorola,Entel,675,24,950,22800
2/5/2020,Ireland,Saga Falabella,Motorola,Entel,675,37,950,35150
6/10/2021,Mexico,Tottus,Motorola,Entel,675,27,950,25650
2/16/2021,Venezuela,Tottus,Motorola,Entel,675,175,950,166250
11/30/2020,United Kingdom,Ripley,Motorola,Entel,675,9,950,8550
12/18/2020,Mexico,Saga Falabella,Motorola,Entel,675,20,950,19000
12/27/2020,Uruguay,Saga Falabella,Motorola,Entel,675,13,950,12350
8/31/2021,United Kingdom,Plaza Vea,Motorola,Entel,675,19,950,18050
9/27/2019,Venezuela,Oeschle,Nokia,Tuenti,365,143,650,92950
12/16/2018,Colombia,Ripley,Nokia,Tuenti,365,65,650,42250
11/12/2020,Uruguay,Ripley,Nokia,Tuenti,365,24,650,15600
4/9/2020,Cuba,Oeschle,Nokia,Tuenti,365,40,650,26000
9/21/2021,Ireland,Oeschle,Nokia,Tuenti,365,192,650,124800
10/6/2018,Spain,Ripley,Nokia,Tuenti,365,3,650,1950
7/4/2021,Paraguay,Oeschle,Nokia,Tuenti,365,186,650,120900
5/17/2021,Colombia,Metro,Nokia,Tuenti,365,102,650,66300
5/8/2020,USA,Metro,Nokia,Tuenti,365,43,650,27950
2/1/2021,Chile,Saga Falabella,Nokia,Tuenti,365,23,650,14950
4/29/2021,Brasil,Metro,Nokia,Tuenti,365,36,650,23400
11/4/2021,Mexico,Oeschle,Nokia,Tuenti,365,82,650,53300
7/2/2019,Brasil,Tottus,Nokia,Tuenti,365,274,650,178100
5/5/2021,Denmark,Metro,Nokia,Tuenti,365,10,650,6500
9/29/2021,Ireland,Plaza Vea,Nokia,Tuenti,365,68,650,44200
4/12/2018,Bolivia,Plaza Vea,Nokia,Tuenti,365,132,650,85800
10/5/2018,Spain,Oeschle,Nokia,Tuenti,365,145,650,94250
8/27/2019,Mexico,Oeschle,Nokia,Tuenti,365,149,650,96850
9/23/2019,United Kingdom,Ripley,Nokia,Tuenti,365,46,650,29900
11/18/2021,Peru,Ripley,Nokia,Tuenti,365,31,650,20150
10/31/2018,Cuba,Metro,Nokia,Tuenti,365,24,650,15600
6/28/2019,Colombia,Ripley,Nokia,Tuenti,365,1,650,650
12/10/2021,Guatemala,Ripley,Nokia,Tuenti,365,54,650,35100
9/9/2018,Bolivia,Ripley,Nokia,Tuenti,365,90,650,58500
12/26/2019,France,Oeschle,Nokia,Tuenti,365,226,650,146900
9/2/2021,Paraguay,Plaza Vea,Nokia,Tuenti,365,74,650,48100
2/6/2020,Germany,Oeschle,Nokia,Tuenti,365,226,650,146900
12/20/2019,Uruguay,Metro,Nokia,Tuenti,365,33,650,21450
2/26/2021,Ireland,Saga Falabella,Nokia,Tuenti,365,36,650,23400
1/16/2018,Denmark,Metro,Nokia,Tuenti,365,1,650,650
5/1/2019,France,Metro,Nokia,Tuenti,365,54,650,35100
4/15/2021,Canada,Metro,Nokia,Tuenti,365,146,650,94900
11/29/2018,Spain,Oeschle,Nokia,Tuenti,365,249,650,161850
9/23/2021,Switzerland,Metro,Nokia,Tuenti,365,64,650,41600
12/28/2018,France,Metro,Nokia,Tuenti,365,11,650,7150
11/26/2021,Guatemala,Tottus,Nokia,Tuenti,365,286,650,185900
9/27/2019,Venezuela,Oeschle,Nokia,Tuenti,365,143,650,92950
12/16/2018,Colombia,Ripley,Nokia,Tuenti,365,65,650,42250
11/12/2020,Uruguay,Ripley,Nokia,Tuenti,365,24,650,15600
4/9/2020,Cuba,Oeschle,Nokia,Tuenti,365,40,650,26000
9/21/2021,Ireland,Oeschle,Nokia,Tuenti,365,192,650,124800
10/6/2018,Spain,Ripley,Nokia,Tuenti,365,3,650,1950
7/4/2021,Paraguay,Oeschle,Nokia,Tuenti,365,186,650,120900
5/17/2021,Colombia,Metro,Nokia,Tuenti,365,102,650,66300
5/8/2020,USA,Metro,Nokia,Tuenti,365,43,650,27950
2/1/2021,Chile,Saga Falabella,Nokia,Tuenti,365,23,650,14950
4/29/2021,Brasil,Metro,Nokia,Tuenti,365,36,650,23400
11/4/2021,Mexico,Oeschle,Nokia,Tuenti,365,82,650,53300
7/2/2019,Brasil,Tottus,Nokia,Tuenti,365,274,650,178100
5/5/2021,Denmark,Metro,Nokia,Tuenti,365,10,650,6500
9/29/2021,Ireland,Plaza Vea,Nokia,Tuenti,365,68,650,44200
4/12/2018,Bolivia,Plaza Vea,Nokia,Tuenti,365,132,650,85800
10/5/2018,Spain,Oeschle,Nokia,Tuenti,365,145,650,94250
8/27/2019,Mexico,Oeschle,Nokia,Tuenti,365,149,650,96850
9/23/2019,United Kingdom,Ripley,Nokia,Tuenti,365,46,650,29900
11/18/2021,Peru,Ripley,Nokia,Tuenti,365,31,650,20150
10/31/2018,Cuba,Metro,Nokia,Tuenti,365,24,650,15600
6/28/2019,Colombia,Ripley,Nokia,Tuenti,365,1,650,650
12/10/2021,Guatemala,Ripley,Nokia,Tuenti,365,54,650,35100
9/9/2018,Bolivia,Ripley,Nokia,Tuenti,365,90,650,58500
12/26/2019,France,Oeschle,Nokia,Tuenti,365,226,650,146900
9/2/2021,Paraguay,Plaza Vea,Nokia,Tuenti,365,74,650,48100
2/6/2020,Germany,Oeschle,Nokia,Tuenti,365,226,650,146900
12/20/2019,Uruguay,Metro,Nokia,Tuenti,365,33,650,21450
2/26/2021,Ireland,Saga Falabella,Nokia,Tuenti,365,36,650,23400
1/16/2018,Denmark,Metro,Nokia,Tuenti,365,1,650,650
5/1/2019,France,Metro,Nokia,Tuenti,365,54,650,35100
4/15/2021,Canada,Metro,Nokia,Tuenti,365,146,650,94900
11/29/2018,Spain,Oeschle,Nokia,Tuenti,365,249,650,161850
9/23/2021,Switzerland,Metro,Nokia,Tuenti,365,64,650,41600
12/28/2018,France,Metro,Nokia,Tuenti,365,11,650,7150
11/26/2021,Guatemala,Tottus,Nokia,Tuenti,365,286,650,185900
10/2/2019,Brasil,Plaza Vea,Nokia,Claro,365,76,650,49400
2/17/2018,Ireland,Tottus,Nokia,Claro,365,42,650,27300
6/29/2018,USA,Plaza Vea,Nokia,Claro,365,50,650,32500
9/23/2020,Brasil,Metro,Nokia,Claro,365,29,650,18850
2/9/2018,Guatemala,Saga Falabella,Nokia,Claro,365,14,650,9100
4/11/2020,Bolivia,Ripley,Nokia,Claro,365,21,650,13650
7/31/2019,Brasil,Oeschle,Nokia,Claro,365,6,650,3900
12/17/2021,Mexico,Saga Falabella,Nokia,Claro,365,17,650,11050
11/22/2019,United Kingdom,Oeschle,Nokia,Claro,365,78,650,50700
4/9/2020,Cuba,Tottus,Nokia,Claro,365,107,650,69550
12/8/2021,Germany,Tottus,Nokia,Claro,365,51,650,33150
6/17/2021,Mexico,Tottus,Nokia,Claro,365,39,650,25350
1/26/2020,USA,Ripley,Nokia,Claro,365,31,650,20150
8/11/2019,Guatemala,Metro,Nokia,Claro,365,7,650,4550
11/17/2020,Peru,Metro,Nokia,Claro,365,49,650,31850
4/13/2021,Jamaica,Ripley,Nokia,Claro,365,23,650,14950
6/3/2019,Spain,Saga Falabella,Nokia,Claro,365,18,650,11700
7/16/2019,Portugal,Plaza Vea,Nokia,Claro,365,50,650,32500
11/10/2018,Canada,Metro,Nokia,Claro,365,29,650,18850
3/15/2020,United Kingdom,Oeschle,Nokia,Claro,365,74,650,48100
12/2/2019,Brasil,Tottus,Nokia,Claro,365,39,650,25350
10/17/2021,France,Oeschle,Nokia,Claro,365,94,650,61100
10/31/2018,Guatemala,Plaza Vea,Nokia,Claro,365,4,650,2600
12/11/2019,Switzerland,Oeschle,Nokia,Claro,365,64,650,41600
8/26/2019,El Salvador,Saga Falabella,Nokia,Claro,365,18,650,11700
5/17/2021,Denmark,Oeschle,Nokia,Claro,365,91,650,59150
1/20/2021,Venezuela,Plaza Vea,Nokia,Claro,365,51,650,33150
4/23/2021,Ireland,Tottus,Nokia,Claro,365,66,650,42900
9/27/2021,Ireland,Tottus,Nokia,Claro,365,5,650,3250
1/25/2020,Cuba,Metro,Nokia,Claro,365,19,650,12350
7/1/2020,Argentina,Saga Falabella,Nokia,Claro,365,19,650,12350
10/22/2021,Denmark,Ripley,Nokia,Claro,365,34,650,22100
6/6/2020,Germany,Tottus,Nokia,Claro,365,107,650,69550
7/22/2020,Colombia,Plaza Vea,Nokia,Claro,365,14,650,9100
2/21/2021,Colombia,Oeschle,Nokia,Claro,365,83,650,53950
4/14/2018,Argentina,Ripley,Nokia,Claro,365,9,650,5850
3/3/2018,Uruguay,Plaza Vea,Nokia,Claro,365,40,650,26000
12/19/2019,Denmark,Ripley,Nokia,Claro,365,16,650,10400
10/2/2019,Brasil,Plaza Vea,Nokia,Claro,365,76,650,49400
2/17/2018,Ireland,Tottus,Nokia,Claro,365,42,650,27300
6/29/2018,USA,Plaza Vea,Nokia,Claro,365,50,650,32500
9/23/2020,Brasil,Metro,Nokia,Claro,365,29,650,18850
2/9/2018,Guatemala,Saga Falabella,Nokia,Claro,365,14,650,9100
4/11/2020,Bolivia,Ripley,Nokia,Claro,365,21,650,13650
7/31/2019,Brasil,Oeschle,Nokia,Claro,365,6,650,3900
12/17/2021,Mexico,Saga Falabella,Nokia,Claro,365,17,650,11050
11/22/2019,United Kingdom,Oeschle,Nokia,Claro,365,78,650,50700
4/9/2020,Cuba,Tottus,Nokia,Claro,365,107,650,69550
12/8/2021,Germany,Tottus,Nokia,Claro,365,51,650,33150
6/17/2021,Mexico,Tottus,Nokia,Claro,365,39,650,25350
1/26/2020,USA,Ripley,Nokia,Claro,365,31,650,20150
8/11/2019,Guatemala,Metro,Nokia,Claro,365,7,650,4550
11/17/2020,Peru,Metro,Nokia,Claro,365,49,650,31850
4/13/2021,Jamaica,Ripley,Nokia,Claro,365,23,650,14950
6/3/2019,Spain,Saga Falabella,Nokia,Claro,365,18,650,11700
7/16/2019,Portugal,Plaza Vea,Nokia,Claro,365,50,650,32500
11/10/2018,Canada,Metro,Nokia,Claro,365,29,650,18850
3/15/2020,United Kingdom,Oeschle,Nokia,Claro,365,74,650,48100
12/2/2019,Brasil,Tottus,Nokia,Claro,365,39,650,25350
10/17/2021,France,Oeschle,Nokia,Claro,365,94,650,61100
10/31/2018,Guatemala,Plaza Vea,Nokia,Claro,365,4,650,2600
12/11/2019,Switzerland,Oeschle,Nokia,Claro,365,64,650,41600
8/26/2019,El Salvador,Saga Falabella,Nokia,Claro,365,18,650,11700
5/17/2021,Denmark,Oeschle,Nokia,Claro,365,91,650,59150
1/20/2021,Venezuela,Plaza Vea,Nokia,Claro,365,51,650,33150
4/23/2021,Ireland,Tottus,Nokia,Claro,365,66,650,42900
9/27/2021,Ireland,Tottus,Nokia,Claro,365,5,650,3250
1/25/2020,Cuba,Metro,Nokia,Claro,365,19,650,12350
7/1/2020,Argentina,Saga Falabella,Nokia,Claro,365,19,650,12350
10/22/2021,Denmark,Ripley,Nokia,Claro,365,34,650,22100
6/6/2020,Germany,Tottus,Nokia,Claro,365,107,650,69550
7/22/2020,Colombia,Plaza Vea,Nokia,Claro,365,14,650,9100
2/21/2021,Colombia,Oeschle,Nokia,Claro,365,83,650,53950
4/14/2018,Argentina,Ripley,Nokia,Claro,365,9,650,5850
3/3/2018,Uruguay,Plaza Vea,Nokia,Claro,365,40,650,26000
12/19/2019,Denmark,Ripley,Nokia,Claro,365,16,650,10400
1/17/2021,Denmark,Ripley,Nokia,Bitel,365,31,650,20150
5/7/2018,Chile,Ripley,Nokia,Bitel,365,54,650,35100
5/5/2020,Denmark,Oeschle,Nokia,Bitel,365,76,650,49400
7/18/2019,Denmark,Tottus,Nokia,Bitel,365,14,650,9100
2/1/2021,Canada,Plaza Vea,Nokia,Bitel,365,107,650,69550
9/24/2019,Venezuela,Ripley,Nokia,Bitel,365,14,650,9100
8/6/2019,Peru,Oeschle,Nokia,Bitel,365,61,650,39650
5/13/2019,Colombia,Plaza Vea,Nokia,Bitel,365,95,650,61750
11/30/2020,Guatemala,Oeschle,Nokia,Bitel,365,116,650,75400
8/26/2021,Argentina,Plaza Vea,Nokia,Bitel,365,44,650,28600
7/5/2021,Mexico,Ripley,Nokia,Bitel,365,30,650,19500
1/2/2021,Brasil,Metro,Nokia,Bitel,365,22,650,14300
10/17/2018,Chile,Plaza Vea,Nokia,Bitel,365,18,650,11700
3/13/2021,Argentina,Plaza Vea,Nokia,Bitel,365,36,650,23400
2/2/2019,Ireland,Saga Falabella,Nokia,Bitel,365,11,650,7150
12/28/2019,Denmark,Metro,Nokia,Bitel,365,68,650,44200
1/9/2021,El Salvador,Ripley,Nokia,Bitel,365,12,650,7800
12/27/2018,Germany,Metro,Nokia,Bitel,365,69,650,44850
1/12/2021,Guatemala,Oeschle,Nokia,Bitel,365,134,650,87100
4/3/2021,Venezuela,Tottus,Nokia,Bitel,365,136,650,88400
11/29/2018,Mexico,Metro,Nokia,Bitel,365,41,650,26650
7/11/2019,France,Tottus,Nokia,Bitel,365,83,650,53950
5/2/2019,Guatemala,Tottus,Nokia,Bitel,365,175,650,113750
9/25/2021,Denmark,Ripley,Nokia,Bitel,365,51,650,33150
2/17/2020,Argentina,Tottus,Nokia,Bitel,365,9,650,5850
4/4/2018,Argentina,Ripley,Nokia,Bitel,365,6,650,3900
5/12/2021,Canada,Saga Falabella,Nokia,Bitel,365,4,650,2600
9/19/2021,Colombia,Oeschle,Nokia,Bitel,365,132,650,85800
8/25/2019,Denmark,Oeschle,Nokia,Bitel,365,113,650,73450
1/1/2019,Peru,Metro,Nokia,Bitel,365,70,650,45500
9/27/2019,Bolivia,Saga Falabella,Nokia,Bitel,365,27,650,17550
9/6/2019,Canada,Saga Falabella,Nokia,Bitel,365,20,650,13000
11/5/2021,Cuba,Ripley,Nokia,Bitel,365,18,650,11700
3/31/2021,Denmark,Metro,Nokia,Bitel,365,33,650,21450
11/28/2018,United Kingdom,Ripley,Nokia,Bitel,365,1,650,650
2/12/2021,Paraguay,Plaza Vea,Nokia,Bitel,365,72,650,46800
4/23/2021,Chile,Saga Falabella,Nokia,Bitel,365,17,650,11050
11/19/2019,Guatemala,Plaza Vea,Nokia,Bitel,365,27,650,17550
6/5/2019,Portugal,Saga Falabella,Nokia,Bitel,365,29,650,18850
1/17/2021,Denmark,Ripley,Nokia,Bitel,365,31,650,20150
5/7/2018,Chile,Ripley,Nokia,Bitel,365,54,650,35100
5/5/2020,Denmark,Oeschle,Nokia,Bitel,365,76,650,49400
7/18/2019,Denmark,Tottus,Nokia,Bitel,365,14,650,9100
2/1/2021,Canada,Plaza Vea,Nokia,Bitel,365,107,650,69550
9/24/2019,Venezuela,Ripley,Nokia,Bitel,365,14,650,9100
8/6/2019,Peru,Oeschle,Nokia,Bitel,365,61,650,39650
5/13/2019,Colombia,Plaza Vea,Nokia,Bitel,365,95,650,61750
11/30/2020,Guatemala,Oeschle,Nokia,Bitel,365,116,650,75400
8/26/2021,Argentina,Plaza Vea,Nokia,Bitel,365,44,650,28600
7/5/2021,Mexico,Ripley,Nokia,Bitel,365,30,650,19500
1/2/2021,Brasil,Metro,Nokia,Bitel,365,22,650,14300
10/17/2018,Chile,Plaza Vea,Nokia,Bitel,365,18,650,11700
3/13/2021,Argentina,Plaza Vea,Nokia,Bitel,365,36,650,23400
2/2/2019,Ireland,Saga Falabella,Nokia,Bitel,365,11,650,7150
12/28/2019,Denmark,Metro,Nokia,Bitel,365,68,650,44200
1/9/2021,El Salvador,Ripley,Nokia,Bitel,365,12,650,7800
12/27/2018,Germany,Metro,Nokia,Bitel,365,69,650,44850
1/12/2021,Guatemala,Oeschle,Nokia,Bitel,365,134,650,87100
4/3/2021,Venezuela,Tottus,Nokia,Bitel,365,136,650,88400
11/29/2018,Mexico,Metro,Nokia,Bitel,365,41,650,26650
7/11/2019,France,Tottus,Nokia,Bitel,365,83,650,53950
5/2/2019,Guatemala,Tottus,Nokia,Bitel,365,175,650,113750
9/25/2021,Denmark,Ripley,Nokia,Bitel,365,51,650,33150
2/17/2020,Argentina,Tottus,Nokia,Bitel,365,9,650,5850
4/4/2018,Argentina,Ripley,Nokia,Bitel,365,6,650,3900
5/12/2021,Canada,Saga Falabella,Nokia,Bitel,365,4,650,2600
9/19/2021,Colombia,Oeschle,Nokia,Bitel,365,132,650,85800
8/25/2019,Denmark,Oeschle,Nokia,Bitel,365,113,650,73450
1/1/2019,Peru,Metro,Nokia,Bitel,365,70,650,45500
9/27/2019,Bolivia,Saga Falabella,Nokia,Bitel,365,27,650,17550
9/6/2019,Canada,Saga Falabella,Nokia,Bitel,365,20,650,13000
11/5/2021,Cuba,Ripley,Nokia,Bitel,365,18,650,11700
3/31/2021,Denmark,Metro,Nokia,Bitel,365,33,650,21450
11/28/2018,United Kingdom,Ripley,Nokia,Bitel,365,1,650,650
2/12/2021,Paraguay,Plaza Vea,Nokia,Bitel,365,72,650,46800
4/23/2021,Chile,Saga Falabella,Nokia,Bitel,365,17,650,11050
11/19/2019,Guatemala,Plaza Vea,Nokia,Bitel,365,27,650,17550
6/5/2019,Portugal,Saga Falabella,Nokia,Bitel,365,29,650,18850
6/26/2018,Denmark,Ripley,Nokia,Entel,365,53,650,34450
1/14/2018,Colombia,Saga Falabella,Nokia,Entel,365,39,650,25350
9/11/2018,USA,Ripley,Nokia,Entel,365,42,650,27300
1/18/2019,Argentina,Metro,Nokia,Entel,365,83,650,53950
10/14/2019,Guatemala,Oeschle,Nokia,Entel,365,88,650,57200
4/18/2021,Bolivia,Ripley,Nokia,Entel,365,22,650,14300
8/4/2021,Portugal,Tottus,Nokia,Entel,365,234,650,152100
8/12/2018,Jamaica,Metro,Nokia,Entel,365,78,650,50700
6/7/2019,Bolivia,Oeschle,Nokia,Entel,365,88,650,57200
11/21/2021,Guatemala,Metro,Nokia,Entel,365,89,650,57850
1/21/2018,United Kingdom,Oeschle,Nokia,Entel,365,188,650,122200
7/18/2019,Cuba,Saga Falabella,Nokia,Entel,365,1,650,650
1/17/2021,Uruguay,Tottus,Nokia,Entel,365,209,650,135850
8/28/2019,El Salvador,Plaza Vea,Nokia,Entel,365,72,650,46800
8/3/2020,Denmark,Metro,Nokia,Entel,365,70,650,45500
9/19/2020,Guatemala,Tottus,Nokia,Entel,365,19,650,12350
1/3/2021,Guatemala,Plaza Vea,Nokia,Entel,365,18,650,11700
2/7/2018,Argentina,Ripley,Nokia,Entel,365,48,650,31200
2/17/2019,Ireland,Plaza Vea,Nokia,Entel,365,68,650,44200
5/5/2019,El Salvador,Oeschle,Nokia,Entel,365,138,650,89700
6/5/2021,Venezuela,Plaza Vea,Nokia,Entel,365,64,650,41600
7/29/2018,Brasil,Tottus,Nokia,Entel,365,57,650,37050
12/3/2021,Argentina,Saga Falabella,Nokia,Entel,365,1,650,650
1/11/2019,Switzerland,Ripley,Nokia,Entel,365,46,650,29900
2/5/2018,Colombia,Saga Falabella,Nokia,Entel,365,8,650,5200
1/25/2018,Canada,Tottus,Nokia,Entel,365,10,650,6500
1/7/2018,Paraguay,Metro,Nokia,Entel,365,111,650,72150
8/7/2021,Peru,Metro,Nokia,Entel,365,8,650,5200
10/27/2020,El Salvador,Saga Falabella,Nokia,Entel,365,31,650,20150
9/3/2021,Venezuela,Saga Falabella,Nokia,Entel,365,7,650,4550
11/12/2019,Mexico,Saga Falabella,Nokia,Entel,365,7,650,4550
2/1/2021,Venezuela,Plaza Vea,Nokia,Entel,365,157,650,102050
4/8/2021,Paraguay,Ripley,Nokia,Entel,365,42,650,27300
2/12/2020,Canada,Tottus,Nokia,Entel,365,17,650,11050
4/7/2020,Peru,Plaza Vea,Nokia,Entel,365,154,650,100100
4/17/2020,Jamaica,Ripley,Nokia,Entel,365,21,650,13650
10/11/2021,Colombia,Oeschle,Nokia,Entel,365,124,650,80600
11/14/2019,Peru,Metro,Nokia,Entel,365,85,650,55250
11/10/2021,Denmark,Tottus,Nokia,Entel,365,46,650,29900
2/7/2021,Guatemala,Plaza Vea,Nokia,Entel,365,76,650,49400
6/26/2018,Denmark,Ripley,Nokia,Entel,365,53,650,34450
1/14/2018,Colombia,Saga Falabella,Nokia,Entel,365,39,650,25350
9/11/2018,USA,Ripley,Nokia,Entel,365,42,650,27300
1/18/2019,Argentina,Metro,Nokia,Entel,365,83,650,53950
10/14/2019,Guatemala,Oeschle,Nokia,Entel,365,88,650,57200
4/18/2021,Bolivia,Ripley,Nokia,Entel,365,22,650,14300
8/4/2021,Portugal,Tottus,Nokia,Entel,365,234,650,152100
8/12/2018,Jamaica,Metro,Nokia,Entel,365,78,650,50700
6/7/2019,Bolivia,Oeschle,Nokia,Entel,365,88,650,57200
11/21/2021,Guatemala,Metro,Nokia,Entel,365,89,650,57850
1/21/2018,United Kingdom,Oeschle,Nokia,Entel,365,188,650,122200
7/18/2019,Cuba,Saga Falabella,Nokia,Entel,365,1,650,650
1/17/2021,Uruguay,Tottus,Nokia,Entel,365,209,650,135850
8/28/2019,El Salvador,Plaza Vea,Nokia,Entel,365,72,650,46800
8/3/2020,Denmark,Metro,Nokia,Entel,365,70,650,45500
9/19/2020,Guatemala,Tottus,Nokia,Entel,365,19,650,12350
1/3/2021,Guatemala,Plaza Vea,Nokia,Entel,365,18,650,11700
2/7/2018,Argentina,Ripley,Nokia,Entel,365,48,650,31200
2/17/2019,Ireland,Plaza Vea,Nokia,Entel,365,68,650,44200
5/5/2019,El Salvador,Oeschle,Nokia,Entel,365,138,650,89700
6/5/2021,Venezuela,Plaza Vea,Nokia,Entel,365,64,650,41600
7/29/2018,Brasil,Tottus,Nokia,Entel,365,57,650,37050
12/3/2021,Argentina,Saga Falabella,Nokia,Entel,365,1,650,650
1/11/2019,Switzerland,Ripley,Nokia,Entel,365,46,650,29900
2/5/2018,Colombia,Saga Falabella,Nokia,Entel,365,8,650,5200
1/25/2018,Canada,Tottus,Nokia,Entel,365,10,650,6500
1/7/2018,Paraguay,Metro,Nokia,Entel,365,111,650,72150
8/7/2021,Peru,Metro,Nokia,Entel,365,8,650,5200
10/27/2020,El Salvador,Saga Falabella,Nokia,Entel,365,31,650,20150
9/3/2021,Venezuela,Saga Falabella,Nokia,Entel,365,7,650,4550
11/12/2019,Mexico,Saga Falabella,Nokia,Entel,365,7,650,4550
2/1/2021,Venezuela,Plaza Vea,Nokia,Entel,365,157,650,102050
4/8/2021,Paraguay,Ripley,Nokia,Entel,365,42,650,27300
2/12/2020,Canada,Tottus,Nokia,Entel,365,17,650,11050
4/7/2020,Peru,Plaza Vea,Nokia,Entel,365,154,650,100100
4/17/2020,Jamaica,Ripley,Nokia,Entel,365,21,650,13650
10/11/2021,Colombia,Oeschle,Nokia,Entel,365,124,650,80600
11/14/2019,Peru,Metro,Nokia,Entel,365,85,650,55250
11/10/2021,Denmark,Tottus,Nokia,Entel,365,46,650,29900
2/7/2021,Guatemala,Plaza Vea,Nokia,Entel,365,76,650,49400
4/9/2020,Colombia,Metro,Nokia,Movistar,365,17,650,11050
2/12/2020,Bolivia,Plaza Vea,Nokia,Movistar,365,16,650,10400
9/16/2020,Germany,Metro,Nokia,Movistar,365,13,650,8450
7/27/2021,Spain,Metro,Nokia,Movistar,365,3,650,1950
7/3/2021,Denmark,Tottus,Nokia,Movistar,365,32,650,20800
6/12/2021,Cuba,Oeschle,Nokia,Movistar,365,11,650,7150
3/13/2020,Peru,Saga Falabella,Nokia,Movistar,365,1,650,650
7/12/2021,Jamaica,Saga Falabella,Nokia,Movistar,365,5,650,3250
2/23/2020,United Kingdom,Saga Falabella,Nokia,Movistar,365,4,650,2600
11/28/2021,Guatemala,Saga Falabella,Nokia,Movistar,365,5,650,3250
12/24/2019,Cuba,Metro,Nokia,Movistar,365,23,650,14950
10/9/2021,Bolivia,Tottus,Nokia,Movistar,365,58,650,37700
1/7/2021,Paraguay,Plaza Vea,Nokia,Movistar,365,38,650,24700
4/25/2019,Ireland,Saga Falabella,Nokia,Movistar,365,6,650,3900
12/17/2021,Guatemala,Oeschle,Nokia,Movistar,365,8,650,5200
11/22/2020,USA,Ripley,Nokia,Movistar,365,3,650,1950
12/3/2021,Germany,Oeschle,Nokia,Movistar,365,42,650,27300
8/31/2021,Ireland,Ripley,Nokia,Movistar,365,4,650,2600
10/11/2018,Cuba,Saga Falabella,Nokia,Movistar,365,2,650,1300
9/21/2021,Spain,Saga Falabella,Nokia,Movistar,365,5,650,3250
6/27/2021,Bolivia,Tottus,Nokia,Movistar,365,10,650,6500
1/12/2020,Chile,Metro,Nokia,Movistar,365,21,650,13650
11/8/2021,France,Ripley,Nokia,Movistar,365,11,650,7150
2/27/2021,Jamaica,Metro,Nokia,Movistar,365,6,650,3900
12/26/2020,Brasil,Ripley,Nokia,Movistar,365,3,650,1950
9/6/2021,Peru,Tottus,Nokia,Movistar,365,47,650,30550
10/11/2021,Guatemala,Tottus,Nokia,Movistar,365,57,650,37050
5/24/2020,Venezuela,Ripley,Nokia,Movistar,365,2,650,1300
6/8/2021,Mexico,Saga Falabella,Nokia,Movistar,365,1,650,650
8/7/2021,El Salvador,Tottus,Nokia,Movistar,365,33,650,21450
11/16/2021,United Kingdom,Metro,Nokia,Movistar,365,11,650,7150
4/7/2019,Denmark,Metro,Nokia,Movistar,365,18,650,11700
5/14/2018,Paraguay,Oeschle,Nokia,Movistar,365,27,650,17550
4/23/2021,Cuba,Plaza Vea,Nokia,Movistar,365,26,650,16900
5/30/2019,Colombia,Oeschle,Nokia,Movistar,365,45,650,29250
4/27/2021,Ireland,Metro,Nokia,Movistar,365,13,650,8450
2/8/2018,Denmark,Plaza Vea,Nokia,Movistar,365,21,650,13650
5/23/2018,France,Ripley,Nokia,Movistar,365,5,650,3250
4/29/2018,Brasil,Saga Falabella,Nokia,Movistar,365,7,650,4550
8/2/2019,Mexico,Ripley,Nokia,Movistar,365,3,650,1950
7/15/2019,Spain,Tottus,Nokia,Movistar,365,36,650,23400
12/9/2020,Portugal,Metro,Nokia,Movistar,365,2,650,1300
2/14/2018,Colombia,Ripley,Nokia,Movistar,365,2,650,1300
4/9/2020,Colombia,Metro,Nokia,Movistar,365,17,650,11050
2/12/2020,Bolivia,Plaza Vea,Nokia,Movistar,365,16,650,10400
9/16/2020,Germany,Metro,Nokia,Movistar,365,13,650,8450
7/27/2021,Spain,Metro,Nokia,Movistar,365,3,650,1950
7/3/2021,Denmark,Tottus,Nokia,Movistar,365,32,650,20800
6/12/2021,Cuba,Oeschle,Nokia,Movistar,365,11,650,7150
3/13/2020,Peru,Saga Falabella,Nokia,Movistar,365,1,650,650
7/12/2021,Jamaica,Saga Falabella,Nokia,Movistar,365,5,650,3250
2/23/2020,United Kingdom,Saga Falabella,Nokia,Movistar,365,4,650,2600
11/28/2021,Guatemala,Saga Falabella,Nokia,Movistar,365,5,650,3250
12/24/2019,Cuba,Metro,Nokia,Movistar,365,23,650,14950
10/9/2021,Bolivia,Tottus,Nokia,Movistar,365,58,650,37700
1/7/2021,Paraguay,Plaza Vea,Nokia,Movistar,365,38,650,24700
4/25/2019,Ireland,Saga Falabella,Nokia,Movistar,365,6,650,3900
12/17/2021,Guatemala,Oeschle,Nokia,Movistar,365,8,650,5200
11/22/2020,USA,Ripley,Nokia,Movistar,365,3,650,1950
12/3/2021,Germany,Oeschle,Nokia,Movistar,365,42,650,27300
8/31/2021,Ireland,Ripley,Nokia,Movistar,365,4,650,2600
10/11/2018,Cuba,Saga Falabella,Nokia,Movistar,365,2,650,1300
9/21/2021,Spain,Saga Falabella,Nokia,Movistar,365,5,650,3250
6/27/2021,Bolivia,Tottus,Nokia,Movistar,365,10,650,6500
1/12/2020,Chile,Metro,Nokia,Movistar,365,21,650,13650
11/8/2021,France,Ripley,Nokia,Movistar,365,11,650,7150
2/27/2021,Jamaica,Metro,Nokia,Movistar,365,6,650,3900
12/26/2020,Brasil,Ripley,Nokia,Movistar,365,3,650,1950
9/6/2021,Peru,Tottus,Nokia,Movistar,365,47,650,30550
10/11/2021,Guatemala,Tottus,Nokia,Movistar,365,57,650,37050
5/24/2020,Venezuela,Ripley,Nokia,Movistar,365,2,650,1300
6/8/2021,Mexico,Saga Falabella,Nokia,Movistar,365,1,650,650
8/7/2021,El Salvador,Tottus,Nokia,Movistar,365,33,650,21450
11/16/2021,United Kingdom,Metro,Nokia,Movistar,365,11,650,7150
4/7/2019,Denmark,Metro,Nokia,Movistar,365,18,650,11700
5/14/2018,Paraguay,Oeschle,Nokia,Movistar,365,27,650,17550
4/23/2021,Cuba,Plaza Vea,Nokia,Movistar,365,26,650,16900
5/30/2019,Colombia,Oeschle,Nokia,Movistar,365,45,650,29250
4/27/2021,Ireland,Metro,Nokia,Movistar,365,13,650,8450
2/8/2018,Denmark,Plaza Vea,Nokia,Movistar,365,21,650,13650
5/23/2018,France,Ripley,Nokia,Movistar,365,5,650,3250
4/29/2018,Brasil,Saga Falabella,Nokia,Movistar,365,7,650,4550
8/2/2019,Mexico,Ripley,Nokia,Movistar,365,3,650,1950
7/15/2019,Spain,Tottus,Nokia,Movistar,365,36,650,23400
12/9/2020,Portugal,Metro,Nokia,Movistar,365,2,650,1300
2/14/2018,Colombia,Ripley,Nokia,Movistar,365,2,650,1300
8/3/2019,USA,Plaza Vea,Samsung,Bitel,590,21,820,17220
5/7/2019,Switzerland,Tottus,Samsung,Bitel,590,125,820,102500
2/3/2021,Ireland,Tottus,Samsung,Bitel,590,97,820,79540
6/14/2021,Paraguay,Plaza Vea,Samsung,Bitel,590,54,820,44280
6/14/2021,USA,Ripley,Samsung,Bitel,590,42,820,34440
7/29/2021,El Salvador,Plaza Vea,Samsung,Bitel,590,8,820,6560
9/16/2018,Venezuela,Metro,Samsung,Bitel,590,70,820,57400
12/29/2020,Chile,Tottus,Samsung,Bitel,590,15,820,12300
2/17/2020,Peru,Saga Falabella,Samsung,Bitel,590,4,820,3280
1/3/2021,Uruguay,Plaza Vea,Samsung,Bitel,590,87,820,71340
12/29/2018,Uruguay,Metro,Samsung,Bitel,590,21,820,17220
2/27/2019,Canada,Tottus,Samsung,Bitel,590,65,820,53300
11/28/2021,Mexico,Oeschle,Samsung,Bitel,590,44,820,36080
8/24/2021,Spain,Saga Falabella,Samsung,Bitel,590,14,820,11480
1/26/2021,Spain,Saga Falabella,Samsung,Bitel,590,25,820,20500
2/15/2019,Chile,Oeschle,Samsung,Bitel,590,41,820,33620
10/13/2021,United Kingdom,Saga Falabella,Samsung,Bitel,590,4,820,3280
11/20/2018,France,Metro,Samsung,Bitel,590,46,820,37720
12/18/2020,Switzerland,Ripley,Samsung,Bitel,590,26,820,21320
11/8/2021,Spain,Tottus,Samsung,Bitel,590,31,820,25420
3/16/2020,Colombia,Plaza Vea,Samsung,Bitel,590,52,820,42640
8/17/2021,Mexico,Saga Falabella,Samsung,Bitel,590,22,820,18040
6/23/2019,United Kingdom,Metro,Samsung,Bitel,590,70,820,57400
12/20/2018,Colombia,Metro,Samsung,Bitel,590,4,820,3280
11/22/2018,Guatemala,Oeschle,Samsung,Bitel,590,114,820,93480
7/8/2018,United Kingdom,Ripley,Samsung,Bitel,590,40,820,32800
1/6/2021,Denmark,Tottus,Samsung,Bitel,590,177,820,145140
5/20/2021,USA,Metro,Samsung,Bitel,590,16,820,13120
8/19/2021,France,Tottus,Samsung,Bitel,590,136,820,111520
5/11/2018,Cuba,Tottus,Samsung,Bitel,590,10,820,8200
7/10/2019,Chile,Saga Falabella,Samsung,Bitel,590,5,820,4100
9/24/2019,Denmark,Metro,Samsung,Bitel,590,77,820,63140
11/20/2020,Germany,Ripley,Samsung,Bitel,590,8,820,6560
11/25/2019,Jamaica,Metro,Samsung,Bitel,590,79,820,64780
6/1/2021,Canada,Saga Falabella,Samsung,Bitel,590,27,820,22140
9/7/2020,Brasil,Metro,Samsung,Bitel,590,22,820,18040
4/18/2018,Canada,Metro,Samsung,Bitel,590,59,820,48380
2/16/2021,Ireland,Oeschle,Samsung,Bitel,590,121,820,99220
6/13/2018,United Kingdom,Saga Falabella,Samsung,Bitel,590,29,820,23780
5/30/2020,Brasil,Saga Falabella,Samsung,Bitel,590,3,820,2460
7/8/2020,Chile,Metro,Samsung,Bitel,590,65,820,53300
6/21/2019,Ireland,Oeschle,Samsung,Bitel,590,57,820,46740
6/28/2020,Germany,Oeschle,Samsung,Bitel,590,70,820,57400
4/5/2018,Cuba,Oeschle,Samsung,Bitel,590,92,820,75440
4/19/2021,France,Tottus,Samsung,Bitel,590,53,820,43460
11/24/2021,Spain,Ripley,Samsung,Bitel,590,1,820,820
10/31/2021,Ireland,Metro,Samsung,Bitel,590,53,820,43460
1/31/2021,Mexico,Saga Falabella,Samsung,Bitel,590,11,820,9020
11/27/2021,Switzerland,Plaza Vea,Samsung,Bitel,590,107,820,87740
2/15/2021,Mexico,Metro,Samsung,Bitel,590,71,820,58220
5/12/2019,Germany,Metro,Samsung,Bitel,590,59,820,48380
5/7/2020,Guatemala,Tottus,Samsung,Bitel,590,17,820,13940
11/9/2021,Guatemala,Plaza Vea,Samsung,Bitel,590,83,820,68060
2/25/2018,Cuba,Tottus,Samsung,Bitel,590,119,820,97580
9/23/2021,El Salvador,Plaza Vea,Samsung,Bitel,590,48,820,39360
8/3/2019,USA,Plaza Vea,Samsung,Bitel,590,21,820,17220
5/7/2019,Switzerland,Tottus,Samsung,Bitel,590,125,820,102500
2/3/2021,Ireland,Tottus,Samsung,Bitel,590,97,820,79540
6/14/2021,Paraguay,Plaza Vea,Samsung,Bitel,590,54,820,44280
6/14/2021,USA,Ripley,Samsung,Bitel,590,42,820,34440
7/29/2021,El Salvador,Plaza Vea,Samsung,Bitel,590,8,820,6560
9/16/2018,Venezuela,Metro,Samsung,Bitel,590,70,820,57400
12/29/2020,Chile,Tottus,Samsung,Bitel,590,15,820,12300
2/17/2020,Peru,Saga Falabella,Samsung,Bitel,590,4,820,3280
1/3/2021,Uruguay,Plaza Vea,Samsung,Bitel,590,87,820,71340
12/29/2018,Uruguay,Metro,Samsung,Bitel,590,21,820,17220
2/27/2019,Canada,Tottus,Samsung,Bitel,590,65,820,53300
11/28/2021,Mexico,Oeschle,Samsung,Bitel,590,44,820,36080
8/24/2021,Spain,Saga Falabella,Samsung,Bitel,590,14,820,11480
1/26/2021,Spain,Saga Falabella,Samsung,Bitel,590,25,820,20500
2/15/2019,Chile,Oeschle,Samsung,Bitel,590,41,820,33620
10/13/2021,United Kingdom,Saga Falabella,Samsung,Bitel,590,4,820,3280
11/20/2018,France,Metro,Samsung,Bitel,590,46,820,37720
12/18/2020,Switzerland,Ripley,Samsung,Bitel,590,26,820,21320
11/8/2021,Spain,Tottus,Samsung,Bitel,590,31,820,25420
3/16/2020,Colombia,Plaza Vea,Samsung,Bitel,590,52,820,42640
8/17/2021,Mexico,Saga Falabella,Samsung,Bitel,590,22,820,18040
6/23/2019,United Kingdom,Metro,Samsung,Bitel,590,70,820,57400
12/20/2018,Colombia,Metro,Samsung,Bitel,590,4,820,3280
11/22/2018,Guatemala,Oeschle,Samsung,Bitel,590,114,820,93480
7/8/2018,United Kingdom,Ripley,Samsung,Bitel,590,40,820,32800
1/6/2021,Denmark,Tottus,Samsung,Bitel,590,177,820,145140
5/20/2021,USA,Metro,Samsung,Bitel,590,16,820,13120
8/19/2021,France,Tottus,Samsung,Bitel,590,136,820,111520
5/11/2018,Cuba,Tottus,Samsung,Bitel,590,10,820,8200
7/10/2019,Chile,Saga Falabella,Samsung,Bitel,590,5,820,4100
9/24/2019,Denmark,Metro,Samsung,Bitel,590,77,820,63140
11/20/2020,Germany,Ripley,Samsung,Bitel,590,8,820,6560
11/25/2019,Jamaica,Metro,Samsung,Bitel,590,79,820,64780
6/1/2021,Canada,Saga Falabella,Samsung,Bitel,590,27,820,22140
9/7/2020,Brasil,Metro,Samsung,Bitel,590,22,820,18040
4/18/2018,Canada,Metro,Samsung,Bitel,590,59,820,48380
2/16/2021,Ireland,Oeschle,Samsung,Bitel,590,121,820,99220
6/13/2018,United Kingdom,Saga Falabella,Samsung,Bitel,590,29,820,23780
5/30/2020,Brasil,Saga Falabella,Samsung,Bitel,590,3,820,2460
7/8/2020,Chile,Metro,Samsung,Bitel,590,65,820,53300
6/21/2019,Ireland,Oeschle,Samsung,Bitel,590,57,820,46740
6/28/2020,Germany,Oeschle,Samsung,Bitel,590,70,820,57400
4/5/2018,Cuba,Oeschle,Samsung,Bitel,590,92,820,75440
4/19/2021,France,Tottus,Samsung,Bitel,590,53,820,43460
11/24/2021,Spain,Ripley,Samsung,Bitel,590,1,820,820
10/31/2021,Ireland,Metro,Samsung,Bitel,590,53,820,43460
1/31/2021,Mexico,Saga Falabella,Samsung,Bitel,590,11,820,9020
11/27/2021,Switzerland,Plaza Vea,Samsung,Bitel,590,107,820,87740
2/15/2021,Mexico,Metro,Samsung,Bitel,590,71,820,58220
5/12/2019,Germany,Metro,Samsung,Bitel,590,59,820,48380
5/7/2020,Guatemala,Tottus,Samsung,Bitel,590,17,820,13940
11/9/2021,Guatemala,Plaza Vea,Samsung,Bitel,590,83,820,68060
2/25/2018,Cuba,Tottus,Samsung,Bitel,590,119,820,97580
9/23/2021,El Salvador,Plaza Vea,Samsung,Bitel,590,48,820,39360
2/4/2018,United Kingdom,Metro,Samsung,Tuenti,590,142,820,116440
7/12/2021,Mexico,Ripley,Samsung,Tuenti,590,79,820,64780
2/9/2021,Spain,Plaza Vea,Samsung,Tuenti,590,27,820,22140
12/25/2018,Cuba,Tottus,Samsung,Tuenti,590,99,820,81180
3/3/2019,Portugal,Ripley,Samsung,Tuenti,590,5,820,4100
6/11/2020,Canada,Oeschle,Samsung,Tuenti,590,223,820,182860
1/22/2020,Bolivia,Saga Falabella,Samsung,Tuenti,590,42,820,34440
4/6/2019,Canada,Ripley,Samsung,Tuenti,590,5,820,4100
7/31/2021,Bolivia,Tottus,Samsung,Tuenti,590,52,820,42640
4/19/2021,Uruguay,Oeschle,Samsung,Tuenti,590,69,820,56580
10/17/2018,France,Tottus,Samsung,Tuenti,590,49,820,40180
2/10/2021,Uruguay,Oeschle,Samsung,Tuenti,590,69,820,56580
3/28/2020,Cuba,Plaza Vea,Samsung,Tuenti,590,88,820,72160
6/30/2019,El Salvador,Metro,Samsung,Tuenti,590,18,820,14760
4/12/2021,Portugal,Ripley,Samsung,Tuenti,590,23,820,18860
12/18/2019,United Kingdom,Saga Falabella,Samsung,Tuenti,590,1,820,820
3/17/2019,Germany,Plaza Vea,Samsung,Tuenti,590,27,820,22140
6/22/2019,Portugal,Tottus,Samsung,Tuenti,590,82,820,67240
12/18/2021,Ireland,Oeschle,Samsung,Tuenti,590,219,820,179580
7/30/2021,Denmark,Tottus,Samsung,Tuenti,590,235,820,192700
12/12/2018,Germany,Oeschle,Samsung,Tuenti,590,58,820,47560
11/13/2021,Brasil,Tottus,Samsung,Tuenti,590,58,820,47560
9/6/2019,Mexico,Oeschle,Samsung,Tuenti,590,107,820,87740
2/15/2020,USA,Ripley,Samsung,Tuenti,590,96,820,78720
11/15/2020,Jamaica,Tottus,Samsung,Tuenti,590,139,820,113980
2/2/2020,El Salvador,Oeschle,Samsung,Tuenti,590,115,820,94300
1/18/2021,Portugal,Tottus,Samsung,Tuenti,590,62,820,50840
4/8/2020,Portugal,Tottus,Samsung,Tuenti,590,140,820,114800
2/17/2021,Uruguay,Metro,Samsung,Tuenti,590,111,820,91020
8/18/2020,Canada,Ripley,Samsung,Tuenti,590,71,820,58220
4/14/2018,Portugal,Saga Falabella,Samsung,Tuenti,590,1,820,820
4/5/2019,Paraguay,Tottus,Samsung,Tuenti,590,241,820,197620
8/10/2021,United Kingdom,Metro,Samsung,Tuenti,590,110,820,90200
10/1/2019,Argentina,Plaza Vea,Samsung,Tuenti,590,105,820,86100
8/13/2021,Brasil,Ripley,Samsung,Tuenti,590,71,820,58220
12/16/2019,Jamaica,Oeschle,Samsung,Tuenti,590,25,820,20500
7/27/2020,Portugal,Ripley,Samsung,Tuenti,590,30,820,24600
4/22/2018,El Salvador,Metro,Samsung,Tuenti,590,36,820,29520
10/29/2019,Denmark,Plaza Vea,Samsung,Tuenti,590,49,820,40180
1/6/2020,USA,Tottus,Samsung,Tuenti,590,270,820,221400
12/23/2020,Portugal,Tottus,Samsung,Tuenti,590,192,820,157440
10/15/2021,Switzerland,Ripley,Samsung,Tuenti,590,82,820,67240
8/10/2021,Chile,Oeschle,Samsung,Tuenti,590,63,820,51660
12/31/2021,Portugal,Metro,Samsung,Tuenti,590,30,820,24600
9/28/2020,El Salvador,Metro,Samsung,Tuenti,590,76,820,62320
7/31/2018,United Kingdom,Saga Falabella,Samsung,Tuenti,590,45,820,36900
2/19/2019,Mexico,Saga Falabella,Samsung,Tuenti,590,11,820,9020
9/19/2020,Cuba,Saga Falabella,Samsung,Tuenti,590,34,820,27880
3/19/2021,Chile,Ripley,Samsung,Tuenti,590,46,820,37720
2/25/2021,Jamaica,Oeschle,Samsung,Tuenti,590,144,820,118080
6/19/2019,Portugal,Ripley,Samsung,Tuenti,590,1,820,820
4/8/2018,El Salvador,Tottus,Samsung,Tuenti,590,295,820,241900
2/15/2019,Spain,Oeschle,Samsung,Tuenti,590,24,820,19680
7/14/2018,Guatemala,Tottus,Samsung,Tuenti,590,29,820,23780
9/20/2018,Jamaica,Saga Falabella,Samsung,Tuenti,590,43,820,35260
11/28/2020,Guatemala,Saga Falabella,Samsung,Tuenti,590,32,820,26240
2/4/2018,United Kingdom,Metro,Samsung,Tuenti,590,142,820,116440
7/12/2021,Mexico,Ripley,Samsung,Tuenti,590,79,820,64780
2/9/2021,Spain,Plaza Vea,Samsung,Tuenti,590,27,820,22140
12/25/2018,Cuba,Tottus,Samsung,Tuenti,590,99,820,81180
3/3/2019,Portugal,Ripley,Samsung,Tuenti,590,5,820,4100
6/11/2020,Canada,Oeschle,Samsung,Tuenti,590,223,820,182860
1/22/2020,Bolivia,Saga Falabella,Samsung,Tuenti,590,42,820,34440
4/6/2019,Canada,Ripley,Samsung,Tuenti,590,5,820,4100
7/31/2021,Bolivia,Tottus,Samsung,Tuenti,590,52,820,42640
4/19/2021,Uruguay,Oeschle,Samsung,Tuenti,590,69,820,56580
10/17/2018,France,Tottus,Samsung,Tuenti,590,49,820,40180
2/10/2021,Uruguay,Oeschle,Samsung,Tuenti,590,69,820,56580
3/28/2020,Cuba,Plaza Vea,Samsung,Tuenti,590,88,820,72160
6/30/2019,El Salvador,Metro,Samsung,Tuenti,590,18,820,14760
4/12/2021,Portugal,Ripley,Samsung,Tuenti,590,23,820,18860
12/18/2019,United Kingdom,Saga Falabella,Samsung,Tuenti,590,1,820,820
3/17/2019,Germany,Plaza Vea,Samsung,Tuenti,590,27,820,22140
6/22/2019,Portugal,Tottus,Samsung,Tuenti,590,82,820,67240
12/18/2021,Ireland,Oeschle,Samsung,Tuenti,590,219,820,179580
7/30/2021,Denmark,Tottus,Samsung,Tuenti,590,235,820,192700
12/12/2018,Germany,Oeschle,Samsung,Tuenti,590,58,820,47560
11/13/2021,Brasil,Tottus,Samsung,Tuenti,590,58,820,47560
9/6/2019,Mexico,Oeschle,Samsung,Tuenti,590,107,820,87740
2/15/2020,USA,Ripley,Samsung,Tuenti,590,96,820,78720
11/15/2020,Jamaica,Tottus,Samsung,Tuenti,590,139,820,113980
2/2/2020,El Salvador,Oeschle,Samsung,Tuenti,590,115,820,94300
1/18/2021,Portugal,Tottus,Samsung,Tuenti,590,62,820,50840
4/8/2020,Portugal,Tottus,Samsung,Tuenti,590,140,820,114800
2/17/2021,Uruguay,Metro,Samsung,Tuenti,590,111,820,91020
8/18/2020,Canada,Ripley,Samsung,Tuenti,590,71,820,58220
4/14/2018,Portugal,Saga Falabella,Samsung,Tuenti,590,1,820,820
4/5/2019,Paraguay,Tottus,Samsung,Tuenti,590,241,820,197620
8/10/2021,United Kingdom,Metro,Samsung,Tuenti,590,110,820,90200
10/1/2019,Argentina,Plaza Vea,Samsung,Tuenti,590,105,820,86100
8/13/2021,Brasil,Ripley,Samsung,Tuenti,590,71,820,58220
12/16/2019,Jamaica,Oeschle,Samsung,Tuenti,590,25,820,20500
7/27/2020,Portugal,Ripley,Samsung,Tuenti,590,30,820,24600
4/22/2018,El Salvador,Metro,Samsung,Tuenti,590,36,820,29520
10/29/2019,Denmark,Plaza Vea,Samsung,Tuenti,590,49,820,40180
1/6/2020,USA,Tottus,Samsung,Tuenti,590,270,820,221400
12/23/2020,Portugal,Tottus,Samsung,Tuenti,590,192,820,157440
10/15/2021,Switzerland,Ripley,Samsung,Tuenti,590,82,820,67240
8/10/2021,Chile,Oeschle,Samsung,Tuenti,590,63,820,51660
12/31/2021,Portugal,Metro,Samsung,Tuenti,590,30,820,24600
9/28/2020,El Salvador,Metro,Samsung,Tuenti,590,76,820,62320
7/31/2018,United Kingdom,Saga Falabella,Samsung,Tuenti,590,45,820,36900
2/19/2019,Mexico,Saga Falabella,Samsung,Tuenti,590,11,820,9020
9/19/2020,Cuba,Saga Falabella,Samsung,Tuenti,590,34,820,27880
3/19/2021,Chile,Ripley,Samsung,Tuenti,590,46,820,37720
2/25/2021,Jamaica,Oeschle,Samsung,Tuenti,590,144,820,118080
6/19/2019,Portugal,Ripley,Samsung,Tuenti,590,1,820,820
4/8/2018,El Salvador,Tottus,Samsung,Tuenti,590,295,820,241900
2/15/2019,Spain,Oeschle,Samsung,Tuenti,590,24,820,19680
7/14/2018,Guatemala,Tottus,Samsung,Tuenti,590,29,820,23780
9/20/2018,Jamaica,Saga Falabella,Samsung,Tuenti,590,43,820,35260
11/28/2020,Guatemala,Saga Falabella,Samsung,Tuenti,590,32,820,26240
10/18/2019,Portugal,Oeschle,Samsung,Entel,590,39,820,31980
11/8/2019,Ireland,Oeschle,Samsung,Entel,590,43,820,35260
6/27/2018,Chile,Oeschle,Samsung,Entel,590,139,820,113980
7/20/2019,Jamaica,Tottus,Samsung,Entel,590,173,820,141860
1/20/2021,Denmark,Metro,Samsung,Entel,590,31,820,25420
1/29/2018,Ireland,Saga Falabella,Samsung,Entel,590,11,820,9020
5/16/2018,Guatemala,Tottus,Samsung,Entel,590,26,820,21320
10/8/2020,Portugal,Metro,Samsung,Entel,590,2,820,1640
10/14/2019,Denmark,Tottus,Samsung,Entel,590,92,820,75440
12/7/2019,Guatemala,Oeschle,Samsung,Entel,590,18,820,14760
5/27/2021,Peru,Saga Falabella,Samsung,Entel,590,22,820,18040
4/16/2020,Germany,Oeschle,Samsung,Entel,590,17,820,13940
12/1/2018,Argentina,Metro,Samsung,Entel,590,10,820,8200
5/21/2021,Peru,Oeschle,Samsung,Entel,590,32,820,26240
11/17/2019,El Salvador,Saga Falabella,Samsung,Entel,590,4,820,3280
4/19/2021,Argentina,Metro,Samsung,Entel,590,75,820,61500
7/28/2019,Jamaica,Metro,Samsung,Entel,590,29,820,23780
3/30/2021,Brasil,Plaza Vea,Samsung,Entel,590,33,820,27060
4/30/2020,Canada,Tottus,Samsung,Entel,590,55,820,45100
8/16/2021,Chile,Tottus,Samsung,Entel,590,110,820,90200
6/13/2020,Argentina,Oeschle,Samsung,Entel,590,65,820,53300
6/6/2021,Germany,Plaza Vea,Samsung,Entel,590,108,820,88560
5/8/2021,Switzerland,Plaza Vea,Samsung,Entel,590,86,820,70520
9/12/2020,Brasil,Ripley,Samsung,Entel,590,60,820,49200
9/8/2021,Chile,Metro,Samsung,Entel,590,20,820,16400
10/26/2019,Colombia,Ripley,Samsung,Entel,590,42,820,34440
3/31/2020,Switzerland,Metro,Samsung,Entel,590,56,820,45920
5/10/2021,Brasil,Oeschle,Samsung,Entel,590,181,820,148420
5/11/2019,Paraguay,Tottus,Samsung,Entel,590,202,820,165640
10/30/2021,Ireland,Plaza Vea,Samsung,Entel,590,6,820,4920
9/23/2021,Bolivia,Oeschle,Samsung,Entel,590,194,820,159080
4/18/2019,Argentina,Metro,Samsung,Entel,590,114,820,93480
8/21/2019,Portugal,Ripley,Samsung,Entel,590,42,820,34440
8/26/2021,Denmark,Ripley,Samsung,Entel,590,64,820,52480
5/19/2019,Chile,Metro,Samsung,Entel,590,9,820,7380
1/19/2021,Colombia,Oeschle,Samsung,Entel,590,149,820,122180
8/5/2019,Uruguay,Oeschle,Samsung,Entel,590,171,820,140220
1/10/2020,Peru,Oeschle,Samsung,Entel,590,2,820,1640
8/17/2018,Paraguay,Tottus,Samsung,Entel,590,125,820,102500
9/12/2019,El Salvador,Ripley,Samsung,Entel,590,11,820,9020
1/25/2019,Portugal,Oeschle,Samsung,Entel,590,44,820,36080
7/17/2021,Bolivia,Metro,Samsung,Entel,590,115,820,94300
8/19/2021,Portugal,Ripley,Samsung,Entel,590,16,820,13120
8/27/2018,Uruguay,Oeschle,Samsung,Entel,590,36,820,29520
9/9/2021,Canada,Saga Falabella,Samsung,Entel,590,29,820,23780
4/23/2021,Uruguay,Plaza Vea,Samsung,Entel,590,62,820,50840
9/28/2020,Peru,Oeschle,Samsung,Entel,590,116,820,95120
6/7/2021,El Salvador,Metro,Samsung,Entel,590,109,820,89380
6/29/2018,Peru,Metro,Samsung,Entel,590,11,820,9020
5/21/2021,Uruguay,Tottus,Samsung,Entel,590,30,820,24600
11/11/2021,Switzerland,Oeschle,Samsung,Entel,590,108,820,88560
7/16/2021,Peru,Oeschle,Samsung,Entel,590,137,820,112340
4/6/2020,Ireland,Tottus,Samsung,Entel,590,212,820,173840
8/23/2021,Germany,Saga Falabella,Samsung,Entel,590,17,820,13940
2/8/2019,Cuba,Oeschle,Samsung,Entel,590,46,820,37720
8/14/2021,Bolivia,Tottus,Samsung,Entel,590,34,820,27880
3/7/2021,Venezuela,Oeschle,Samsung,Entel,590,193,820,158260
7/15/2021,Brasil,Ripley,Samsung,Entel,590,11,820,9020
9/16/2020,Portugal,Plaza Vea,Samsung,Entel,590,107,820,87740
10/18/2019,Portugal,Oeschle,Samsung,Entel,590,39,820,31980
11/8/2019,Ireland,Oeschle,Samsung,Entel,590,43,820,35260
6/27/2018,Chile,Oeschle,Samsung,Entel,590,139,820,113980
7/20/2019,Jamaica,Tottus,Samsung,Entel,590,173,820,141860
1/20/2021,Denmark,Metro,Samsung,Entel,590,31,820,25420
1/29/2018,Ireland,Saga Falabella,Samsung,Entel,590,11,820,9020
5/16/2018,Guatemala,Tottus,Samsung,Entel,590,26,820,21320
10/8/2020,Portugal,Metro,Samsung,Entel,590,2,820,1640
10/14/2019,Denmark,Tottus,Samsung,Entel,590,92,820,75440
12/7/2019,Guatemala,Oeschle,Samsung,Entel,590,18,820,14760
5/27/2021,Peru,Saga Falabella,Samsung,Entel,590,22,820,18040
4/16/2020,Germany,Oeschle,Samsung,Entel,590,17,820,13940
12/1/2018,Argentina,Metro,Samsung,Entel,590,10,820,8200
5/21/2021,Peru,Oeschle,Samsung,Entel,590,32,820,26240
11/17/2019,El Salvador,Saga Falabella,Samsung,Entel,590,4,820,3280
4/19/2021,Argentina,Metro,Samsung,Entel,590,75,820,61500
7/28/2019,Jamaica,Metro,Samsung,Entel,590,29,820,23780
3/30/2021,Brasil,Plaza Vea,Samsung,Entel,590,33,820,27060
4/30/2020,Canada,Tottus,Samsung,Entel,590,55,820,45100
8/16/2021,Chile,Tottus,Samsung,Entel,590,110,820,90200
6/13/2020,Argentina,Oeschle,Samsung,Entel,590,65,820,53300
6/6/2021,Germany,Plaza Vea,Samsung,Entel,590,108,820,88560
5/8/2021,Switzerland,Plaza Vea,Samsung,Entel,590,86,820,70520
9/12/2020,Brasil,Ripley,Samsung,Entel,590,60,820,49200
9/8/2021,Chile,Metro,Samsung,Entel,590,20,820,16400
10/26/2019,Colombia,Ripley,Samsung,Entel,590,42,820,34440
3/31/2020,Switzerland,Metro,Samsung,Entel,590,56,820,45920
5/10/2021,Brasil,Oeschle,Samsung,Entel,590,181,820,148420
5/11/2019,Paraguay,Tottus,Samsung,Entel,590,202,820,165640
10/30/2021,Ireland,Plaza Vea,Samsung,Entel,590,6,820,4920
9/23/2021,Bolivia,Oeschle,Samsung,Entel,590,194,820,159080
4/18/2019,Argentina,Metro,Samsung,Entel,590,114,820,93480
8/21/2019,Portugal,Ripley,Samsung,Entel,590,42,820,34440
8/26/2021,Denmark,Ripley,Samsung,Entel,590,64,820,52480
5/19/2019,Chile,Metro,Samsung,Entel,590,9,820,7380
1/19/2021,Colombia,Oeschle,Samsung,Entel,590,149,820,122180
8/5/2019,Uruguay,Oeschle,Samsung,Entel,590,171,820,140220
1/10/2020,Peru,Oeschle,Samsung,Entel,590,2,820,1640
8/17/2018,Paraguay,Tottus,Samsung,Entel,590,125,820,102500
9/12/2019,El Salvador,Ripley,Samsung,Entel,590,11,820,9020
1/25/2019,Portugal,Oeschle,Samsung,Entel,590,44,820,36080
7/17/2021,Bolivia,Metro,Samsung,Entel,590,115,820,94300
8/19/2021,Portugal,Ripley,Samsung,Entel,590,16,820,13120
8/27/2018,Uruguay,Oeschle,Samsung,Entel,590,36,820,29520
9/9/2021,Canada,Saga Falabella,Samsung,Entel,590,29,820,23780
4/23/2021,Uruguay,Plaza Vea,Samsung,Entel,590,62,820,50840
9/28/2020,Peru,Oeschle,Samsung,Entel,590,116,820,95120
6/7/2021,El Salvador,Metro,Samsung,Entel,590,109,820,89380
6/29/2018,Peru,Metro,Samsung,Entel,590,11,820,9020
5/21/2021,Uruguay,Tottus,Samsung,Entel,590,30,820,24600
11/11/2021,Switzerland,Oeschle,Samsung,Entel,590,108,820,88560
7/16/2021,Peru,Oeschle,Samsung,Entel,590,137,820,112340
4/6/2020,Ireland,Tottus,Samsung,Entel,590,212,820,173840
8/23/2021,Germany,Saga Falabella,Samsung,Entel,590,17,820,13940
2/8/2019,Cuba,Oeschle,Samsung,Entel,590,46,820,37720
8/14/2021,Bolivia,Tottus,Samsung,Entel,590,34,820,27880
3/7/2021,Venezuela,Oeschle,Samsung,Entel,590,193,820,158260
7/15/2021,Brasil,Ripley,Samsung,Entel,590,11,820,9020
9/16/2020,Portugal,Plaza Vea,Samsung,Entel,590,107,820,87740
10/27/2019,El Salvador,Plaza Vea,Samsung,Claro,590,76,820,62320
8/19/2019,Uruguay,Oeschle,Samsung,Claro,590,1,820,820
4/13/2020,El Salvador,Metro,Samsung,Claro,590,16,820,13120
7/24/2018,Chile,Oeschle,Samsung,Claro,590,38,820,31160
11/18/2019,United Kingdom,Ripley,Samsung,Claro,590,7,820,5740
9/13/2019,Denmark,Saga Falabella,Samsung,Claro,590,12,820,9840
5/15/2020,United Kingdom,Metro,Samsung,Claro,590,24,820,19680
8/2/2019,Colombia,Saga Falabella,Samsung,Claro,590,6,820,4920
10/28/2018,France,Saga Falabella,Samsung,Claro,590,4,820,3280
11/7/2021,Peru,Ripley,Samsung,Claro,590,15,820,12300
1/21/2021,Colombia,Tottus,Samsung,Claro,590,85,820,69700
9/26/2021,Brasil,Metro,Samsung,Claro,590,30,820,24600
8/30/2020,Cuba,Plaza Vea,Samsung,Claro,590,64,820,52480
10/9/2021,Argentina,Ripley,Samsung,Claro,590,26,820,21320
1/18/2019,Mexico,Saga Falabella,Samsung,Claro,590,13,820,10660
3/7/2018,Argentina,Saga Falabella,Samsung,Claro,590,6,820,4920
4/10/2020,Guatemala,Saga Falabella,Samsung,Claro,590,6,820,4920
1/4/2020,France,Tottus,Samsung,Claro,590,86,820,70520
12/17/2021,Germany,Saga Falabella,Samsung,Claro,590,1,820,820
8/13/2019,Portugal,Oeschle,Samsung,Claro,590,98,820,80360
11/12/2021,USA,Tottus,Samsung,Claro,590,17,820,13940
6/3/2021,Germany,Saga Falabella,Samsung,Claro,590,11,820,9020
7/2/2021,Brasil,Ripley,Samsung,Claro,590,15,820,12300
10/27/2019,Venezuela,Ripley,Samsung,Claro,590,12,820,9840
2/25/2019,Spain,Plaza Vea,Samsung,Claro,590,65,820,53300
3/27/2020,Argentina,Saga Falabella,Samsung,Claro,590,15,820,12300
12/13/2020,Chile,Oeschle,Samsung,Claro,590,50,820,41000
10/20/2019,Guatemala,Saga Falabella,Samsung,Claro,590,16,820,13120
10/10/2018,Uruguay,Tottus,Samsung,Claro,590,20,820,16400
11/19/2018,Paraguay,Saga Falabella,Samsung,Claro,590,18,820,14760
12/15/2021,Ireland,Ripley,Samsung,Claro,590,27,820,22140
8/9/2020,France,Metro,Samsung,Claro,590,45,820,36900
7/24/2020,Canada,Tottus,Samsung,Claro,590,83,820,68060
6/13/2021,Denmark,Tottus,Samsung,Claro,590,7,820,5740
3/18/2018,Portugal,Saga Falabella,Samsung,Claro,590,4,820,3280
9/19/2020,Chile,Ripley,Samsung,Claro,590,36,820,29520
9/4/2020,Guatemala,Metro,Samsung,Claro,590,38,820,31160
10/4/2018,Bolivia,Saga Falabella,Samsung,Claro,590,14,820,11480
9/1/2020,Colombia,Oeschle,Samsung,Claro,590,34,820,27880
5/1/2021,Brasil,Ripley,Samsung,Claro,590,31,820,25420
5/24/2018,Ireland,Plaza Vea,Samsung,Claro,590,58,820,47560
9/27/2021,Cuba,Ripley,Samsung,Claro,590,26,820,21320
3/27/2019,Mexico,Metro,Samsung,Claro,590,48,820,39360
8/23/2021,Peru,Tottus,Samsung,Claro,590,41,820,33620
3/2/2021,France,Saga Falabella,Samsung,Claro,590,9,820,7380
2/28/2019,Paraguay,Plaza Vea,Samsung,Claro,590,9,820,7380
12/17/2018,Jamaica,Metro,Samsung,Claro,590,28,820,22960
2/21/2020,Bolivia,Plaza Vea,Samsung,Claro,590,16,820,13120
10/8/2020,Switzerland,Ripley,Samsung,Claro,590,25,820,20500
9/20/2018,Switzerland,Oeschle,Samsung,Claro,590,20,820,16400
12/19/2018,France,Oeschle,Samsung,Claro,590,14,820,11480
4/28/2021,Spain,Saga Falabella,Samsung,Claro,590,13,820,10660
6/18/2021,Colombia,Saga Falabella,Samsung,Claro,590,12,820,9840
3/20/2018,Mexico,Plaza Vea,Samsung,Claro,590,15,820,12300
1/10/2019,Venezuela,Plaza Vea,Samsung,Claro,590,43,820,35260
4/6/2018,Uruguay,Oeschle,Samsung,Claro,590,37,820,30340
1/31/2020,Bolivia,Metro,Samsung,Claro,590,31,820,25420
2/10/2019,Cuba,Saga Falabella,Samsung,Claro,590,14,820,11480
3/2/2020,El Salvador,Oeschle,Samsung,Claro,590,39,820,31980
4/18/2021,Chile,Plaza Vea,Samsung,Claro,590,67,820,54940
7/5/2020,Colombia,Saga Falabella,Samsung,Claro,590,5,820,4100
6/4/2021,Uruguay,Ripley,Samsung,Claro,590,30,820,24600
10/21/2018,Denmark,Saga Falabella,Samsung,Claro,590,3,820,2460
1/8/2021,Colombia,Oeschle,Samsung,Claro,590,91,820,74620
10/15/2018,Guatemala,Tottus,Samsung,Claro,590,78,820,63960
11/21/2021,El Salvador,Plaza Vea,Samsung,Claro,590,13,820,10660
10/6/2021,USA,Tottus,Samsung,Claro,590,5,820,4100
3/13/2021,Argentina,Saga Falabella,Samsung,Claro,590,15,820,12300
7/3/2020,Brasil,Ripley,Samsung,Claro,590,33,820,27060
8/27/2018,Guatemala,Metro,Samsung,Claro,590,57,820,46740
9/23/2020,Chile,Oeschle,Samsung,Claro,590,37,820,30340
8/23/2021,Chile,Plaza Vea,Samsung,Claro,590,68,820,55760
12/17/2021,Portugal,Ripley,Samsung,Claro,590,34,820,27880
10/14/2020,El Salvador,Saga Falabella,Samsung,Claro,590,1,820,820
10/9/2018,Jamaica,Saga Falabella,Samsung,Claro,590,1,820,820
5/25/2021,Brasil,Plaza Vea,Samsung,Claro,590,59,820,48380
10/27/2019,El Salvador,Plaza Vea,Samsung,Claro,590,76,820,62320
8/19/2019,Uruguay,Oeschle,Samsung,Claro,590,1,820,820
4/13/2020,El Salvador,Metro,Samsung,Claro,590,16,820,13120
7/24/2018,Chile,Oeschle,Samsung,Claro,590,38,820,31160
11/18/2019,United Kingdom,Ripley,Samsung,Claro,590,7,820,5740
9/13/2019,Denmark,Saga Falabella,Samsung,Claro,590,12,820,9840
5/15/2020,United Kingdom,Metro,Samsung,Claro,590,24,820,19680
8/2/2019,Colombia,Saga Falabella,Samsung,Claro,590,6,820,4920
10/28/2018,France,Saga Falabella,Samsung,Claro,590,4,820,3280
11/7/2021,Peru,Ripley,Samsung,Claro,590,15,820,12300
1/21/2021,Colombia,Tottus,Samsung,Claro,590,85,820,69700
9/26/2021,Brasil,Metro,Samsung,Claro,590,30,820,24600
8/30/2020,Cuba,Plaza Vea,Samsung,Claro,590,64,820,52480
10/9/2021,Argentina,Ripley,Samsung,Claro,590,26,820,21320
1/18/2019,Mexico,Saga Falabella,Samsung,Claro,590,13,820,10660
3/7/2018,Argentina,Saga Falabella,Samsung,Claro,590,6,820,4920
4/10/2020,Guatemala,Saga Falabella,Samsung,Claro,590,6,820,4920
1/4/2020,France,Tottus,Samsung,Claro,590,86,820,70520
12/17/2021,Germany,Saga Falabella,Samsung,Claro,590,1,820,820
8/13/2019,Portugal,Oeschle,Samsung,Claro,590,98,820,80360
11/12/2021,USA,Tottus,Samsung,Claro,590,17,820,13940
6/3/2021,Germany,Saga Falabella,Samsung,Claro,590,11,820,9020
7/2/2021,Brasil,Ripley,Samsung,Claro,590,15,820,12300
10/27/2019,Venezuela,Ripley,Samsung,Claro,590,12,820,9840
2/25/2019,Spain,Plaza Vea,Samsung,Claro,590,65,820,53300
3/27/2020,Argentina,Saga Falabella,Samsung,Claro,590,15,820,12300
12/13/2020,Chile,Oeschle,Samsung,Claro,590,50,820,41000
10/20/2019,Guatemala,Saga Falabella,Samsung,Claro,590,16,820,13120
10/10/2018,Uruguay,Tottus,Samsung,Claro,590,20,820,16400
11/19/2018,Paraguay,Saga Falabella,Samsung,Claro,590,18,820,14760
12/15/2021,Ireland,Ripley,Samsung,Claro,590,27,820,22140
8/9/2020,France,Metro,Samsung,Claro,590,45,820,36900
7/24/2020,Canada,Tottus,Samsung,Claro,590,83,820,68060
6/13/2021,Denmark,Tottus,Samsung,Claro,590,7,820,5740
3/18/2018,Portugal,Saga Falabella,Samsung,Claro,590,4,820,3280
9/19/2020,Chile,Ripley,Samsung,Claro,590,36,820,29520
9/4/2020,Guatemala,Metro,Samsung,Claro,590,38,820,31160
10/4/2018,Bolivia,Saga Falabella,Samsung,Claro,590,14,820,11480
9/1/2020,Colombia,Oeschle,Samsung,Claro,590,34,820,27880
5/1/2021,Brasil,Ripley,Samsung,Claro,590,31,820,25420
5/24/2018,Ireland,Plaza Vea,Samsung,Claro,590,58,820,47560
9/27/2021,Cuba,Ripley,Samsung,Claro,590,26,820,21320
3/27/2019,Mexico,Metro,Samsung,Claro,590,48,820,39360
8/23/2021,Peru,Tottus,Samsung,Claro,590,41,820,33620
3/2/2021,France,Saga Falabella,Samsung,Claro,590,9,820,7380
2/28/2019,Paraguay,Plaza Vea,Samsung,Claro,590,9,820,7380
12/17/2018,Jamaica,Metro,Samsung,Claro,590,28,820,22960
2/21/2020,Bolivia,Plaza Vea,Samsung,Claro,590,16,820,13120
10/8/2020,Switzerland,Ripley,Samsung,Claro,590,25,820,20500
9/20/2018,Switzerland,Oeschle,Samsung,Claro,590,20,820,16400
12/19/2018,France,Oeschle,Samsung,Claro,590,14,820,11480
4/28/2021,Spain,Saga Falabella,Samsung,Claro,590,13,820,10660
6/18/2021,Colombia,Saga Falabella,Samsung,Claro,590,12,820,9840
3/20/2018,Mexico,Plaza Vea,Samsung,Claro,590,15,820,12300
1/10/2019,Venezuela,Plaza Vea,Samsung,Claro,590,43,820,35260
4/6/2018,Uruguay,Oeschle,Samsung,Claro,590,37,820,30340
1/31/2020,Bolivia,Metro,Samsung,Claro,590,31,820,25420
2/10/2019,Cuba,Saga Falabella,Samsung,Claro,590,14,820,11480
3/2/2020,El Salvador,Oeschle,Samsung,Claro,590,39,820,31980
4/18/2021,Chile,Plaza Vea,Samsung,Claro,590,67,820,54940
7/5/2020,Colombia,Saga Falabella,Samsung,Claro,590,5,820,4100
6/4/2021,Uruguay,Ripley,Samsung,Claro,590,30,820,24600
10/21/2018,Denmark,Saga Falabella,Samsung,Claro,590,3,820,2460
1/8/2021,Colombia,Oeschle,Samsung,Claro,590,91,820,74620
10/15/2018,Guatemala,Tottus,Samsung,Claro,590,78,820,63960
11/21/2021,El Salvador,Plaza Vea,Samsung,Claro,590,13,820,10660
10/6/2021,USA,Tottus,Samsung,Claro,590,5,820,4100
3/13/2021,Argentina,Saga Falabella,Samsung,Claro,590,15,820,12300
7/3/2020,Brasil,Ripley,Samsung,Claro,590,33,820,27060
8/27/2018,Guatemala,Metro,Samsung,Claro,590,57,820,46740
9/23/2020,Chile,Oeschle,Samsung,Claro,590,37,820,30340
8/23/2021,Chile,Plaza Vea,Samsung,Claro,590,68,820,55760
12/17/2021,Portugal,Ripley,Samsung,Claro,590,34,820,27880
10/14/2020,El Salvador,Saga Falabella,Samsung,Claro,590,1,820,820
10/9/2018,Jamaica,Saga Falabella,Samsung,Claro,590,1,820,820
5/25/2021,Brasil,Plaza Vea,Samsung,Claro,590,59,820,48380
3/4/2020,Brasil,Oeschle,Samsung,Movistar,590,49,820,40180
8/25/2020,Chile,Tottus,Samsung,Movistar,590,26,820,21320
6/30/2020,Bolivia,Oeschle,Samsung,Movistar,590,36,820,29520
1/4/2020,Brasil,Plaza Vea,Samsung,Movistar,590,36,820,29520
8/3/2018,Jamaica,Oeschle,Samsung,Movistar,590,37,820,30340
8/19/2019,El Salvador,Plaza Vea,Samsung,Movistar,590,6,820,4920
4/2/2018,Spain,Tottus,Samsung,Movistar,590,20,820,16400
9/22/2018,Mexico,Ripley,Samsung,Movistar,590,3,820,2460
10/1/2021,Mexico,Metro,Samsung,Movistar,590,2,820,1640
9/24/2021,United Kingdom,Plaza Vea,Samsung,Movistar,590,27,820,22140
11/3/2021,Bolivia,Oeschle,Samsung,Movistar,590,37,820,30340
2/18/2020,Chile,Tottus,Samsung,Movistar,590,43,820,35260
9/11/2020,Uruguay,Plaza Vea,Samsung,Movistar,590,26,820,21320
12/25/2021,Colombia,Saga Falabella,Samsung,Movistar,590,3,820,2460
4/12/2019,Canada,Plaza Vea,Samsung,Movistar,590,31,820,25420
10/16/2020,Cuba,Plaza Vea,Samsung,Movistar,590,6,820,4920
2/3/2021,Bolivia,Plaza Vea,Samsung,Movistar,590,32,820,26240
11/1/2021,Germany,Tottus,Samsung,Movistar,590,1,820,820
2/21/2018,Germany,Oeschle,Samsung,Movistar,590,24,820,19680
5/20/2021,Argentina,Oeschle,Samsung,Movistar,590,25,820,20500
3/3/2021,Canada,Oeschle,Samsung,Movistar,590,34,820,27880
10/8/2019,Ireland,Plaza Vea,Samsung,Movistar,590,22,820,18040
6/7/2021,Canada,Saga Falabella,Samsung,Movistar,590,7,820,5740
2/9/2020,Colombia,Oeschle,Samsung,Movistar,590,16,820,13120
8/8/2021,Brasil,Oeschle,Samsung,Movistar,590,13,820,10660
5/9/2021,Argentina,Tottus,Samsung,Movistar,590,22,820,18040
5/4/2018,Spain,Ripley,Samsung,Movistar,590,5,820,4100
5/26/2019,United Kingdom,Ripley,Samsung,Movistar,590,11,820,9020
1/28/2021,United Kingdom,Ripley,Samsung,Movistar,590,14,820,11480
5/3/2019,Canada,Ripley,Samsung,Movistar,590,12,820,9840
5/29/2020,Peru,Saga Falabella,Samsung,Movistar,590,9,820,7380
5/14/2020,Uruguay,Ripley,Samsung,Movistar,590,5,820,4100
7/27/2021,United Kingdom,Plaza Vea,Samsung,Movistar,590,26,820,21320
10/11/2020,Cuba,Metro,Samsung,Movistar,590,6,820,4920
9/4/2021,Portugal,Tottus,Samsung,Movistar,590,51,820,41820
9/18/2020,Peru,Ripley,Samsung,Movistar,590,3,820,2460
1/7/2019,Canada,Saga Falabella,Samsung,Movistar,590,7,820,5740
12/28/2020,Uruguay,Saga Falabella,Samsung,Movistar,590,3,820,2460
9/24/2019,Portugal,Plaza Vea,Samsung,Movistar,590,7,820,5740
11/4/2021,Uruguay,Saga Falabella,Samsung,Movistar,590,5,820,4100
12/27/2021,Switzerland,Ripley,Samsung,Movistar,590,13,820,10660
10/24/2020,Guatemala,Ripley,Samsung,Movistar,590,2,820,1640
3/30/2021,Venezuela,Plaza Vea,Samsung,Movistar,590,38,820,31160
3/26/2018,Jamaica,Ripley,Samsung,Movistar,590,1,820,820
7/28/2021,Colombia,Saga Falabella,Samsung,Movistar,590,1,820,820
9/9/2020,USA,Saga Falabella,Samsung,Movistar,590,6,820,4920
2/17/2019,Chile,Saga Falabella,Samsung,Movistar,590,9,820,7380
10/1/2021,Argentina,Tottus,Samsung,Movistar,590,56,820,45920
6/22/2018,Cuba,Saga Falabella,Samsung,Movistar,590,4,820,3280
9/10/2018,Canada,Metro,Samsung,Movistar,590,10,820,8200
5/10/2019,Canada,Tottus,Samsung,Movistar,590,50,820,41000
2/24/2020,Argentina,Metro,Samsung,Movistar,590,6,820,4920
10/11/2021,Mexico,Ripley,Samsung,Movistar,590,19,820,15580
8/23/2020,Paraguay,Plaza Vea,Samsung,Movistar,590,39,820,31980
4/17/2019,Canada,Oeschle,Samsung,Movistar,590,16,820,13120
4/21/2018,Venezuela,Plaza Vea,Samsung,Movistar,590,25,820,20500
7/22/2020,Spain,Saga Falabella,Samsung,Movistar,590,1,820,820
6/11/2021,Cuba,Tottus,Samsung,Movistar,590,59,820,48380
4/11/2019,El Salvador,Tottus,Samsung,Movistar,590,51,820,41820
7/13/2020,Cuba,Saga Falabella,Samsung,Movistar,590,1,820,820
2/10/2019,Jamaica,Metro,Samsung,Movistar,590,3,820,2460
2/27/2019,Mexico,Saga Falabella,Samsung,Movistar,590,4,820,3280
10/28/2019,Spain,Ripley,Samsung,Movistar,590,13,820,10660
12/31/2019,Spain,Tottus,Samsung,Movistar,590,23,820,18860
11/23/2020,Denmark,Metro,Samsung,Movistar,590,8,820,6560
6/9/2021,United Kingdom,Plaza Vea,Samsung,Movistar,590,16,820,13120
8/1/2018,USA,Ripley,Samsung,Movistar,590,13,820,10660
4/27/2021,Canada,Plaza Vea,Samsung,Movistar,590,18,820,14760
10/15/2021,Spain,Metro,Samsung,Movistar,590,3,820,2460
1/28/2018,Cuba,Ripley,Samsung,Movistar,590,8,820,6560
1/3/2018,El Salvador,Ripley,Samsung,Movistar,590,3,820,2460
5/3/2018,Jamaica,Plaza Vea,Samsung,Movistar,590,1,820,820
7/28/2018,Colombia,Tottus,Samsung,Movistar,590,15,820,12300
6/1/2021,Uruguay,Metro,Samsung,Movistar,590,25,820,20500
11/6/2018,Peru,Ripley,Samsung,Movistar,590,2,820,1640
4/19/2018,El Salvador,Metro,Samsung,Movistar,590,15,820,12300
3/10/2018,France,Ripley,Samsung,Movistar,590,9,820,7380
5/27/2021,Peru,Saga Falabella,Samsung,Movistar,590,2,820,1640
11/22/2019,Uruguay,Oeschle,Samsung,Movistar,590,24,820,19680
7/12/2018,Cuba,Saga Falabella,Samsung,Movistar,590,2,820,1640
7/16/2021,Mexico,Saga Falabella,Samsung,Movistar,590,2,820,1640
4/2/2018,Bolivia,Tottus,Samsung,Movistar,590,30,820,24600
8/23/2020,Germany,Tottus,Samsung,Movistar,590,44,820,36080
8/17/2018,Cuba,Saga Falabella,Samsung,Movistar,590,5,820,4100
12/13/2018,Denmark,Ripley,Samsung,Movistar,590,17,820,13940
12/9/2019,Germany,Ripley,Samsung,Movistar,590,7,820,5740
4/14/2020,Venezuela,Oeschle,Samsung,Movistar,590,37,820,30340
3/4/2020,Brasil,Oeschle,Samsung,Movistar,590,49,820,40180
8/25/2020,Chile,Tottus,Samsung,Movistar,590,26,820,21320
6/30/2020,Bolivia,Oeschle,Samsung,Movistar,590,36,820,29520
1/4/2020,Brasil,Plaza Vea,Samsung,Movistar,590,36,820,29520
8/3/2018,Jamaica,Oeschle,Samsung,Movistar,590,37,820,30340
8/19/2019,El Salvador,Plaza Vea,Samsung,Movistar,590,6,820,4920
4/2/2018,Spain,Tottus,Samsung,Movistar,590,20,820,16400
9/22/2018,Mexico,Ripley,Samsung,Movistar,590,3,820,2460
10/1/2021,Mexico,Metro,Samsung,Movistar,590,2,820,1640
9/24/2021,United Kingdom,Plaza Vea,Samsung,Movistar,590,27,820,22140
11/3/2021,Bolivia,Oeschle,Samsung,Movistar,590,37,820,30340
2/18/2020,Chile,Tottus,Samsung,Movistar,590,43,820,35260
9/11/2020,Uruguay,Plaza Vea,Samsung,Movistar,590,26,820,21320
12/25/2021,Colombia,Saga Falabella,Samsung,Movistar,590,3,820,2460
4/12/2019,Canada,Plaza Vea,Samsung,Movistar,590,31,820,25420
10/16/2020,Cuba,Plaza Vea,Samsung,Movistar,590,6,820,4920
2/3/2021,Bolivia,Plaza Vea,Samsung,Movistar,590,32,820,26240
11/1/2021,Germany,Tottus,Samsung,Movistar,590,1,820,820
2/21/2018,Germany,Oeschle,Samsung,Movistar,590,24,820,19680
5/20/2021,Argentina,Oeschle,Samsung,Movistar,590,25,820,20500
3/3/2021,Canada,Oeschle,Samsung,Movistar,590,34,820,27880
10/8/2019,Ireland,Plaza Vea,Samsung,Movistar,590,22,820,18040
6/7/2021,Canada,Saga Falabella,Samsung,Movistar,590,7,820,5740
2/9/2020,Colombia,Oeschle,Samsung,Movistar,590,16,820,13120
8/8/2021,Brasil,Oeschle,Samsung,Movistar,590,13,820,10660
5/9/2021,Argentina,Tottus,Samsung,Movistar,590,22,820,18040
5/4/2018,Spain,Ripley,Samsung,Movistar,590,5,820,4100
5/26/2019,United Kingdom,Ripley,Samsung,Movistar,590,11,820,9020
1/28/2021,United Kingdom,Ripley,Samsung,Movistar,590,14,820,11480
5/3/2019,Canada,Ripley,Samsung,Movistar,590,12,820,9840
5/29/2020,Peru,Saga Falabella,Samsung,Movistar,590,9,820,7380
5/14/2020,Uruguay,Ripley,Samsung,Movistar,590,5,820,4100
7/27/2021,United Kingdom,Plaza Vea,Samsung,Movistar,590,26,820,21320
10/11/2020,Cuba,Metro,Samsung,Movistar,590,6,820,4920
9/4/2021,Portugal,Tottus,Samsung,Movistar,590,51,820,41820
9/18/2020,Peru,Ripley,Samsung,Movistar,590,3,820,2460
1/7/2019,Canada,Saga Falabella,Samsung,Movistar,590,7,820,5740
12/28/2020,Uruguay,Saga Falabella,Samsung,Movistar,590,3,820,2460
9/24/2019,Portugal,Plaza Vea,Samsung,Movistar,590,7,820,5740
11/4/2021,Uruguay,Saga Falabella,Samsung,Movistar,590,5,820,4100
12/27/2021,Switzerland,Ripley,Samsung,Movistar,590,13,820,10660
10/24/2020,Guatemala,Ripley,Samsung,Movistar,590,2,820,1640
3/30/2021,Venezuela,Plaza Vea,Samsung,Movistar,590,38,820,31160
3/26/2018,Jamaica,Ripley,Samsung,Movistar,590,1,820,820
7/28/2021,Colombia,Saga Falabella,Samsung,Movistar,590,1,820,820
9/9/2020,USA,Saga Falabella,Samsung,Movistar,590,6,820,4920
2/17/2019,Chile,Saga Falabella,Samsung,Movistar,590,9,820,7380
10/1/2021,Argentina,Tottus,Samsung,Movistar,590,56,820,45920
6/22/2018,Cuba,Saga Falabella,Samsung,Movistar,590,4,820,3280
9/10/2018,Canada,Metro,Samsung,Movistar,590,10,820,8200
5/10/2019,Canada,Tottus,Samsung,Movistar,590,50,820,41000
2/24/2020,Argentina,Metro,Samsung,Movistar,590,6,820,4920
10/11/2021,Mexico,Ripley,Samsung,Movistar,590,19,820,15580
8/23/2020,Paraguay,Plaza Vea,Samsung,Movistar,590,39,820,31980
4/17/2019,Canada,Oeschle,Samsung,Movistar,590,16,820,13120
4/21/2018,Venezuela,Plaza Vea,Samsung,Movistar,590,25,820,20500
7/22/2020,Spain,Saga Falabella,Samsung,Movistar,590,1,820,820
6/11/2021,Cuba,Tottus,Samsung,Movistar,590,59,820,48380
4/11/2019,El Salvador,Tottus,Samsung,Movistar,590,51,820,41820
7/13/2020,Cuba,Saga Falabella,Samsung,Movistar,590,1,820,820
2/10/2019,Jamaica,Metro,Samsung,Movistar,590,3,820,2460
2/27/2019,Mexico,Saga Falabella,Samsung,Movistar,590,4,820,3280
10/28/2019,Spain,Ripley,Samsung,Movistar,590,13,820,10660
12/31/2019,Spain,Tottus,Samsung,Movistar,590,23,820,18860
11/23/2020,Denmark,Metro,Samsung,Movistar,590,8,820,6560
6/9/2021,United Kingdom,Plaza Vea,Samsung,Movistar,590,16,820,13120
8/1/2018,USA,Ripley,Samsung,Movistar,590,13,820,10660
4/27/2021,Canada,Plaza Vea,Samsung,Movistar,590,18,820,14760
10/15/2021,Spain,Metro,Samsung,Movistar,590,3,820,2460
1/28/2018,Cuba,Ripley,Samsung,Movistar,590,8,820,6560
1/3/2018,El Salvador,Ripley,Samsung,Movistar,590,3,820,2460
5/3/2018,Jamaica,Plaza Vea,Samsung,Movistar,590,1,820,820
7/28/2018,Colombia,Tottus,Samsung,Movistar,590,15,820,12300
6/1/2021,Uruguay,Metro,Samsung,Movistar,590,25,820,20500
11/6/2018,Peru,Ripley,Samsung,Movistar,590,2,820,1640
4/19/2018,El Salvador,Metro,Samsung,Movistar,590,15,820,12300
3/10/2018,France,Ripley,Samsung,Movistar,590,9,820,7380
5/27/2021,Peru,Saga Falabella,Samsung,Movistar,590,2,820,1640
11/22/2019,Uruguay,Oeschle,Samsung,Movistar,590,24,820,19680
7/12/2018,Cuba,Saga Falabella,Samsung,Movistar,590,2,820,1640
7/16/2021,Mexico,Saga Falabella,Samsung,Movistar,590,2,820,1640
4/2/2018,Bolivia,Tottus,Samsung,Movistar,590,30,820,24600
8/23/2020,Germany,Tottus,Samsung,Movistar,590,44,820,36080
8/17/2018,Cuba,Saga Falabella,Samsung,Movistar,590,5,820,4100
12/13/2018,Denmark,Ripley,Samsung,Movistar,590,17,820,13940
12/9/2019,Germany,Ripley,Samsung,Movistar,590,7,820,5740
4/14/2020,Venezuela,Oeschle,Samsung,Movistar,590,37,820,30340
